<?xml version="1.0" encoding="UTF-8"?>
<!DOCTYPE html PUBLIC "-//W3C//DTD XHTML 1.0 Transitional//EN"
    "http://www.w3.org/TR/xhtml1/DTD/xhtml1-transitional.dtd">
<html xmlns="http://www.w3.org/1999/xhtml" xml:lang="en" lang="en">
 <head>
  <title>
</title>
<meta http-equiv="Content-Type" content="text/html;charset=utf-8" />
  <meta name='ocr-system' content='tesseract 3.04.00' />
  <meta name='ocr-capabilities' content='ocr_page ocr_carea ocr_par ocr_line ocrx_word'/>
</head>
<body>
  <div class='ocr_page' id='page_1' title='image "./deincubationeca01deubgoog_0139.png"; bbox 0 0 3550 5317; ppageno 0'>
   <div class='ocr_carea' id='block_1_1' title="bbox 113 320 1496 426">
    <p class='ocr_par' dir='ltr' id='par_1_1' title="bbox 113 320 1496 426">
     <span class='ocr_line' id='line_1_1' title="bbox 113 320 1496 426; baseline 0.004 -50"><span class='ocrx_word' id='word_1_1' title='bbox 113 398 130 426; x_wconf 33' lang='grc' dir='ltr'>ἱ</span> <span class='ocrx_word' id='word_1_2' title='bbox 196 327 238 393; x_wconf 83' lang='lat'><strong><em>12,</em></strong></span> <span class='ocrx_word' id='word_1_3' title='bbox 249 328 389 391; x_wconf 78' lang='lat'>21-15‚5</span> <span class='ocrx_word' id='word_1_4' title='bbox 755 320 943 390; x_wconf 72' lang='lat' dir='ltr'>Therapontis</span> <span class='ocrx_word' id='word_1_5' title='bbox 1434 320 1496 383; x_wconf 81' lang='grc'><strong><em>127</em></strong></span> 
     </span>
    </p>
   </div>
   <div class='ocr_carea' id='block_1_2' title="bbox 194 482 1564 3883">
    <p class='ocr_par' dir='ltr' id='par_1_2' title="bbox 194 482 1498 765">
     <span class='ocr_line' id='line_1_2' title="bbox 196 482 1498 570; baseline -0.004 -19"><span class='ocrx_word' id='word_1_6' title='bbox 196 487 275 562; x_wconf 86' lang='grc' dir='ltr'><strong><em>ὅσας</em></strong></span> <span class='ocrx_word' id='word_1_7' title='bbox 296 483 419 570; x_wconf 80' lang='grc' dir='ltr'><strong><em>ἡμέρας</em></strong></span> <span class='ocrx_word' id='word_1_8' title='bbox 441 483 496 550; x_wconf 84' lang='grc' dir='ltr'><strong><em>καὶ</em></strong></span> <span class='ocrx_word' id='word_1_9' title='bbox 519 492 576 568; x_wconf 82' lang='grc' dir='ltr'><strong><em>τής</em></strong></span> <span class='ocrx_word' id='word_1_10' title='bbox 598 486 778 569; x_wconf 79' lang='grc' dir='ltr'><strong><em>θεραπείας</em></strong></span> <span class='ocrx_word' id='word_1_11' title='bbox 800 485 837 549; x_wconf 87' lang='grc' dir='ltr'><strong><em>τὸ</em></strong></span> <span class='ocrx_word' id='word_1_12' title='bbox 860 484 998 569; x_wconf 90' lang='grc' dir='ltr'><strong><em>βέβαιον</em></strong></span> <span class='ocrx_word' id='word_1_13' title='bbox 1056 485 1130 561; x_wconf 82' lang='grc' dir='ltr'><strong><em>όψει</em></strong></span> <span class='ocrx_word' id='word_1_14' title='bbox 1152 482 1356 568; x_wconf 84' lang='grc' dir='ltr'><strong><em>παραλαβὼν</em></strong></span> <span class='ocrx_word' id='word_1_15' title='bbox 1373 485 1498 568; x_wconf 88' lang='grc' dir='ltr'><strong><em>χαίρων</em></strong></span> 
     </span>
     <span class='ocr_line' id='line_1_3' title="bbox 194 579 1498 667; baseline -0.003 -19"><span class='ocrx_word' id='word_1_16' title='bbox 194 584 277 667; x_wconf 90' lang='grc' dir='ltr'><strong><em>πρὸς</em></strong></span> <span class='ocrx_word' id='word_1_17' title='bbox 300 584 379 659; x_wconf 87' lang='grc' dir='ltr'><strong><em>τοὺς</em></strong></span> <span class='ocrx_word' id='word_1_18' title='bbox 403 583 510 658; x_wconf 87' lang='grc' dir='ltr'><strong><em>λδίους</em></strong></span> <span class='ocrx_word' id='word_1_19' title='bbox 533 579 711 664; x_wconf 76' lang='grc' dir='ltr'><strong><em>ἐστέλλετο,</em></strong></span> <span class='ocrx_word' id='word_1_20' title='bbox 771 591 830 647; x_wconf 90' lang='grc' dir='ltr'><strong><em>τοῦ</em></strong></span> <span class='ocrx_word' id='word_1_21' title='bbox 854 605 888 647; x_wconf 91' lang='grc' dir='ltr'><strong><em>τε</em></strong></span> <span class='ocrx_word' id='word_1_22' title='bbox 911 581 1044 658; x_wconf 89' lang='grc' dir='ltr'><strong><em>πάθους</em></strong></span> <span class='ocrx_word' id='word_1_23' title='bbox 1065 579 1120 646; x_wconf 81' lang='grc' dir='ltr'><strong><em>καὶ</em></strong></span> <span class='ocrx_word' id='word_1_24' title='bbox 1143 589 1200 664; x_wconf 85' lang='grc' dir='ltr'><strong><em>τής</em></strong></span> <span class='ocrx_word' id='word_1_25' title='bbox 1225 580 1417 665; x_wconf 74' lang='grc' dir='ltr'><strong><em>ἐλευθερίας</em></strong></span> <span class='ocrx_word' id='word_1_26' title='bbox 1438 581 1498 645; x_wconf 86' lang='grc' dir='ltr'><strong><em>τὸν</em></strong></span> 
     </span>
     <span class='ocr_line' id='line_1_4' title="bbox 195 678 976 765; baseline 0.001 -21"><span class='ocrx_word' id='word_1_27' title='bbox 195 684 365 765; x_wconf 74' lang='grc' dir='ltr'><strong><em>θρίαμβον</em></strong></span> <span class='ocrx_word' id='word_1_28' title='bbox 432 679 583 765; x_wconf 86' lang='grc' dir='ltr'><strong><em>ε’γκήροις</em></strong></span> <span class='ocrx_word' id='word_1_29' title='bbox 606 678 811 761; x_wconf 83' lang='grc' dir='ltr'><strong><em>ε’στηλίτευσε</em></strong></span> <span class='ocrx_word' id='word_1_30' title='bbox 833 678 976 757; x_wconf 85' lang='grc' dir='ltr'><strong><em>πίναξιν.</em></strong></span> 
     </span>
    </p>

    <p class='ocr_par' dir='ltr' id='par_1_3' title="bbox 194 774 1542 1841">
     <span class='ocr_line' id='line_1_5' title="bbox 283 774 1542 862; baseline 0.002 -19"><span class='ocrx_word' id='word_1_31' title='bbox 283 781 408 855; x_wconf 89' lang='grc' dir='ltr'><strong><em>πόσους</em></strong></span> <span class='ocrx_word' id='word_1_32' title='bbox 437 774 475 843; x_wconf 73' lang='grc' dir='ltr'><strong><em>δὲ</em></strong></span> <span class='ocrx_word' id='word_1_33' title='bbox 505 779 626 854; x_wconf 84' lang='grc' dir='ltr'><strong><em>ἀλλους</em></strong></span> <span class='ocrx_word' id='word_1_34' title='bbox 655 783 717 843; x_wconf 81' lang='grc' dir='ltr'><strong><em>οδει</em></strong></span> <span class='ocrx_word' id='word_1_35' title='bbox 747 776 1031 862; x_wconf 87' lang='grc' dir='ltr'><strong><em>βεβακχευμένους</em></strong></span> <span class='ocrx_word' id='word_1_36' title='bbox 1060 787 1130 853; x_wconf 82' lang='grc' dir='ltr'><strong><em>τοῖς</em></strong></span> <span class='ocrx_word' id='word_1_37' title='bbox 1160 778 1294 861; x_wconf 91' lang='grc' dir='ltr'><strong><em>δαίμοσι</em></strong></span> <span class='ocrx_word' id='word_1_38' title='bbox 1367 785 1408 862; x_wconf 74' lang='grc' dir='ltr'><strong><em>τῇ</em></strong></span> <span class='ocrx_word' id='word_1_39' title='bbox 1438 784 1542 845; x_wconf 76' lang='grc' dir='ltr'><strong><em>τοῦ18</em></strong></span> 
     </span>
     <span class='ocr_line' id='line_1_6' title="bbox 199 870 1499 961; baseline -0.002 -20"><span class='ocrx_word' id='word_1_40' title='bbox 199 875 298 958; x_wconf 85' lang='grc' dir='ltr'><strong><em>ἁγίου</em></strong></span> <span class='ocrx_word' id='word_1_41' title='bbox 327 883 580 961; x_wconf 81' lang='grc' dir='ltr'><strong><em>θεραπευθῆναι</em></strong></span> <span class='ocrx_word' id='word_1_42' title='bbox 611 874 708 960; x_wconf 90' lang='grc' dir='ltr'><strong><em>τάχος</em></strong></span> <span class='ocrx_word' id='word_1_43' title='bbox 738 872 943 960; x_wconf 83' lang='grc' dir='ltr'><strong><em>θερμότητι;’</em></strong></span> <span class='ocrx_word' id='word_1_44' title='bbox 1014 884 1115 940; x_wconf 81' lang='grc' dir='ltr'><strong><em>ποῖον</em></strong></span> <span class='ocrx_word' id='word_1_45' title='bbox 1143 870 1276 949; x_wconf 73' lang='grc' dir='ltr'><strong><em>ἀναιδές</em></strong></span> <span class='ocrx_word' id='word_1_46' title='bbox 1297 872 1352 938; x_wconf 80' lang='grc' dir='ltr'><strong><em>καὶ</em></strong></span> <span class='ocrx_word' id='word_1_47' title='bbox 1381 875 1499 959; x_wconf 84' lang='grc' dir='ltr'><strong><em>ἀγριον</em></strong></span> 
     </span>
     <span class='ocr_line' id='line_1_7' title="bbox 195 965 1499 1060; baseline -0.002 -22"><span class='ocrx_word' id='word_1_48' title='bbox 195 983 324 1058; x_wconf 82' lang='grc' dir='ltr'><strong><em>πνεῦμα</em></strong></span> <span class='ocrx_word' id='word_1_49' title='bbox 347 975 411 1038; x_wconf 86' lang='grc' dir='ltr'><strong><em>σὺν</em></strong></span> <span class='ocrx_word' id='word_1_50' title='bbox 433 982 479 1060; x_wconf 76' lang='grc' dir='ltr'><strong><em>τῷ</em></strong></span> <span class='ocrx_word' id='word_1_51' title='bbox 504 972 540 1038; x_wconf 94' lang='grc' dir='ltr'><strong><em>ἐν</em></strong></span> <span class='ocrx_word' id='word_1_52' title='bbox 564 965 589 1060; x_wconf 74' lang='grc' dir='ltr'><em>ᾧ</em></span> <span class='ocrx_word' id='word_1_53' title='bbox 611 971 798 1060; x_wconf 78' lang='grc' dir='ltr'><strong><em>κατῳκηκεν</em></strong></span> <span class='ocrx_word' id='word_1_54' title='bbox 822 971 945 1038; x_wconf 86' lang='grc' dir='ltr'><strong><em>ἐνθάδε</em></strong></span> <span class='ocrx_word' id='word_1_55' title='bbox 967 975 1149 1056; x_wconf 91' lang='grc' dir='ltr'><strong><em>γενόμενον</em></strong></span> <span class='ocrx_word' id='word_1_56' title='bbox 1229 970 1291 1037; x_wconf 85' lang='grc' dir='ltr'><strong><em>οὐκ</em></strong></span> <span class='ocrx_word' id='word_1_57' title='bbox 1314 971 1418 1047; x_wconf 81' lang='grc' dir='ltr'><strong><em>εὐθὺς</em></strong></span> <span class='ocrx_word' id='word_1_58' title='bbox 1440 972 1499 1036; x_wconf 92' lang='grc' dir='ltr'><strong><em>τὸν</em></strong></span> 
     </span>
     <span class='ocr_line' id='line_1_8' title="bbox 198 1066 1500 1155; baseline -0.003 -19"><span class='ocrx_word' id='word_1_59' title='bbox 198 1070 318 1137; x_wconf 83' lang='grc' dir='ltr'><strong><em>ἑαυτοῦ</em></strong></span> <span class='ocrx_word' id='word_1_60' title='bbox 340 1066 434 1137; x_wconf 80' lang='grc' dir='ltr'><strong><em>οἶκον</em></strong></span> <span class='ocrx_word' id='word_1_61' title='bbox 457 1069 591 1154; x_wconf 88' lang='grc' dir='ltr'><strong><em>ἐμίσησε</em></strong></span> <span class='ocrx_word' id='word_1_62' title='bbox 684 1069 739 1135; x_wconf 82' lang='grc' dir='ltr'><strong><em>καὶ</em></strong></span> <span class='ocrx_word' id='word_1_63' title='bbox 762 1071 807 1147; x_wconf 82' lang='grc' dir='ltr'><strong><em>ὡς</em></strong></span> <span class='ocrx_word' id='word_1_64' title='bbox 830 1069 894 1135; x_wconf 88' lang='grc' dir='ltr'><strong><em>ἀπὸ</em></strong></span> <span class='ocrx_word' id='word_1_65' title='bbox 916 1071 1022 1155; x_wconf 88' lang='grc' dir='ltr'><strong><em>πυρὸς</em></strong></span> <span class='ocrx_word' id='word_1_66' title='bbox 1044 1069 1174 1135; x_wconf 86' lang='grc' dir='ltr'><strong><em>ἐκείνου</em></strong></span> <span class='ocrx_word' id='word_1_67' title='bbox 1197 1068 1361 1153; x_wconf 84' lang='grc' dir='ltr'><strong><em>ἀφήλατο;</em></strong></span> <span class='ocrx_word' id='word_1_68' title='bbox 1449 1071 1500 1144; x_wconf 89' lang='grc' dir='ltr'><strong><em>τίς</em></strong></span> 
     </span>
     <span class='ocr_line' id='line_1_9' title="bbox 196 1164 1521 1259; baseline -0.001 -25"><span class='ocrx_word' id='word_1_69' title='bbox 196 1169 376 1256; x_wconf 89' lang='grc' dir='ltr'><strong><em>ἀρρωστῶν</em></strong></span> <span class='ocrx_word' id='word_1_70' title='bbox 398 1164 482 1254; x_wconf 73' lang='grc' dir='ltr'><strong><em>ὑπὲρ</em></strong></span> <span class='ocrx_word' id='word_1_71' title='bbox 506 1169 651 1252; x_wconf 91' lang='grc' dir='ltr'><strong><em>δύναμιν</em></strong></span> <span class='ocrx_word' id='word_1_72' title='bbox 709 1177 770 1233; x_wconf 86' lang='grc' dir='ltr'><strong><em>τοῦ</em></strong></span> <span class='ocrx_word' id='word_1_73' title='bbox 792 1170 1090 1259; x_wconf 86' lang='grc' dir='ltr'><strong><em>προτεμενίσματος</em></strong></span> <span class='ocrx_word' id='word_1_74' title='bbox 1112 1169 1217 1251; x_wconf 90' lang='grc' dir='ltr'><strong><em>μόνον</em></strong></span> <span class='ocrx_word' id='word_1_75' title='bbox 1241 1165 1389 1250; x_wconf 75' lang='grc' dir='ltr'><strong><em>ἐφήψατο</em></strong></span> <span class='ocrx_word' id='word_1_76' title='bbox 1444 1164 1521 1233; x_wconf 84' lang='grc' dir='ltr'><strong><em>καὶτ</em></strong></span> 
     </span>
     <span class='ocr_line' id='line_1_10' title="bbox 196 1261 1464 1353; baseline -0.002 -21"><span class='ocrx_word' id='word_1_77' title='bbox 196 1275 253 1351; x_wconf 81' lang='grc' dir='ltr'><strong><em>της</em></strong></span> <span class='ocrx_word' id='word_1_78' title='bbox 277 1266 461 1353; x_wconf 81' lang='grc' dir='ltr'><strong><em>ἀρρωστίας</em></strong></span> <span class='ocrx_word' id='word_1_79' title='bbox 484 1265 525 1330; x_wconf 84' lang='grc' dir='ltr'><strong><em>οὐ</em></strong></span> <span class='ocrx_word' id='word_1_80' title='bbox 548 1269 661 1352; x_wconf 81' lang='grc' dir='ltr'><strong><em>πόρρω</em></strong></span> <span class='ocrx_word' id='word_1_81' title='bbox 686 1264 828 1349; x_wconf 85' lang='grc' dir='ltr'><strong><em>ἐγένετο;</em></strong></span> <span class='ocrx_word' id='word_1_82' title='bbox 886 1268 937 1341; x_wconf 88' lang='grc' dir='ltr'><strong><em>τίς</em></strong></span> <span class='ocrx_word' id='word_1_83' title='bbox 960 1261 997 1329; x_wconf 76' lang='grc' dir='ltr'><strong><em>δὲ</em></strong></span> <span class='ocrx_word' id='word_1_84' title='bbox 1018 1266 1080 1348; x_wconf 87' lang='grc' dir='ltr'><strong><em>τήν</em></strong></span> <span class='ocrx_word' id='word_1_85' title='bbox 1102 1265 1213 1350; x_wconf 75' lang='grc' dir='ltr'><strong><em>ψυχήν</em></strong></span> <span class='ocrx_word' id='word_1_86' title='bbox 1235 1264 1464 1350; x_wconf 88' lang='grc' dir='ltr'><strong><em>ἀπορούμενος</em></strong></span> 
     </span>
     <span class='ocr_line' id='line_1_11' title="bbox 195 1360 1500 1449; baseline -0.002 -20"><span class='ocrx_word' id='word_1_87' title='bbox 195 1363 251 1429; x_wconf 85' lang='grc' dir='ltr'><strong><em>καὶ</em></strong></span> <span class='ocrx_word' id='word_1_88' title='bbox 273 1365 311 1430; x_wconf 87' lang='grc' dir='ltr'><strong><em>τὸ</em></strong></span> <span class='ocrx_word' id='word_1_89' title='bbox 334 1371 393 1449; x_wconf 77' lang='grc' dir='ltr'><strong><em>ζῆν</em></strong></span> <span class='ocrx_word' id='word_1_90' title='bbox 416 1362 587 1446; x_wconf 88' lang='grc' dir='ltr'><strong><em>ἀπολέγων</em></strong></span> <span class='ocrx_word' id='word_1_91' title='bbox 610 1362 733 1428; x_wconf 81' lang='grc' dir='ltr'><strong><em>ἐνθάδε</em></strong></span> <span class='ocrx_word' id='word_1_92' title='bbox 755 1365 904 1446; x_wconf 76' lang='grc' dir='ltr'><strong><em>κατήχθη</em></strong></span> <span class='ocrx_word' id='word_1_93' title='bbox 927 1360 982 1427; x_wconf 82' lang='grc' dir='ltr'><strong><em>καὶ</em></strong></span> <span class='ocrx_word' id='word_1_94' title='bbox 1001 1362 1041 1426; x_wconf 84' lang='grc' dir='ltr'><strong><em>οὐ</em></strong></span> <span class='ocrx_word' id='word_1_95' title='bbox 1065 1361 1181 1444; x_wconf 88' lang='grc' dir='ltr'><strong><em>γέγονε</em></strong></span> <span class='ocrx_word' id='word_1_96' title='bbox 1199 1365 1324 1448; x_wconf 86' lang='grc' dir='ltr'><strong><em>χαρίεις</em></strong></span> <span class='ocrx_word' id='word_1_97' title='bbox 1346 1360 1401 1426; x_wconf 82' lang='grc' dir='ltr'><strong><em>καὶ</em></strong></span> <span class='ocrx_word' id='word_1_98' title='bbox 1419 1364 1500 1446; x_wconf 88' lang='grc' dir='ltr'><strong><em>πρό·</em></strong></span> 
     </span>
     <span class='ocr_line' id='line_1_12' title="bbox 194 1458 1499 1547; baseline -0.002 -20"><span class='ocrx_word' id='word_1_99' title='bbox 194 1469 318 1547; x_wconf 86' lang='grc' dir='ltr'><strong><em>θυμος;</em></strong></span> <span class='ocrx_word' id='word_1_100' title='bbox 371 1461 464 1527; x_wconf 82' lang='grc' dir='ltr'><strong><em>ἀλλὰ·</em></strong></span> <span class='ocrx_word' id='word_1_101' title='bbox 477 1462 517 1526; x_wconf 82' lang='grc' dir='ltr'><strong><em>τά</em></strong></span> <span class='ocrx_word' id='word_1_102' title='bbox 537 1460 696 1526; x_wconf 85' lang='grc' dir='ltr'><strong><em>ἐντεῦθεν</em></strong></span> <span class='ocrx_word' id='word_1_103' title='bbox 717 1458 898 1545; x_wconf 88' lang='grc' dir='ltr'><strong><em>συγχέομαι</em></strong></span> <span class='ocrx_word' id='word_1_104' title='bbox 942 1458 997 1524; x_wconf 80' lang='grc' dir='ltr'><strong><em>καὶ</em></strong></span> <span class='ocrx_word' id='word_1_105' title='bbox 1020 1463 1169 1545; x_wconf 83' lang='grc' dir='ltr'><strong><em>θεωρίαν</em></strong></span> <span class='ocrx_word' id='word_1_106' title='bbox 1191 1465 1346 1526; x_wconf 89' lang='grc' dir='ltr'><strong><em>πλουτῶν</em></strong></span> <span class='ocrx_word' id='word_1_107' title='bbox 1368 1459 1499 1543; x_wconf 92' lang='grc' dir='ltr'><strong><em>θαυμά-</em></strong></span> 
     </span>
     <span class='ocr_line' id='line_1_13' title="bbox 194 1557 1498 1644; baseline -0.002 -19"><span class='ocrx_word' id='word_1_108' title='bbox 194 1583 262 1625; x_wconf 92' lang='grc' dir='ltr'><strong><em>των</em></strong></span> <span class='ocrx_word' id='word_1_109' title='bbox 285 1558 466 1643; x_wconf 85' lang='grc' dir='ltr'><strong><em>έστένωμαι</em></strong></span> <span class='ocrx_word' id='word_1_110' title='bbox 560 1557 615 1623; x_wconf 80' lang='grc' dir='ltr'><strong><em>καὶ</em></strong></span> <span class='ocrx_word' id='word_1_111' title='bbox 638 1557 915 1642; x_wconf 89' lang='grc' dir='ltr'><strong><em>καταπέπληγμαι.</em></strong></span> <span class='ocrx_word' id='word_1_112' title='bbox 993 1563 1129 1623; x_wconf 84' lang='grc' dir='ltr'><strong><em>πολλῶν</em></strong></span> <span class='ocrx_word' id='word_1_113' title='bbox 1151 1558 1213 1643; x_wconf 94' lang='grc' dir='ltr'><strong><em>γάρ</em></strong></span> <span class='ocrx_word' id='word_1_114' title='bbox 1236 1582 1302 1642; x_wconf 94' lang='grc' dir='ltr'><strong><em>μου</em></strong></span> <span class='ocrx_word' id='word_1_115' title='bbox 1325 1568 1364 1644; x_wconf 80' lang='grc' dir='ltr'><strong><em>τή</em></strong></span> <span class='ocrx_word' id='word_1_116' title='bbox 1387 1559 1498 1644; x_wconf 86' lang='grc' dir='ltr'><strong><em>μνήμη</em></strong></span> 
     </span>
     <span class='ocr_line' id='line_1_14' title="bbox 195 1654 1535 1743; baseline -0.001 -22"><span class='ocrx_word' id='word_1_117' title='bbox 195 1659 458 1743; x_wconf 91' lang='grc' dir='ltr'><strong><em>περιτρεχόντων</em></strong></span> <span class='ocrx_word' id='word_1_118' title='bbox 479 1655 634 1741; x_wconf 87' lang='grc' dir='ltr'><strong><em>ἀμηχανῶ</em></strong></span> <span class='ocrx_word' id='word_1_119' title='bbox 656 1668 756 1721; x_wconf 81' lang='grc' dir='ltr'><strong><em>ποῖον</em></strong></span> <span class='ocrx_word' id='word_1_120' title='bbox 779 1654 1009 1739; x_wconf 79' lang='grc' dir='ltr'><strong><em>ἐπιλεξάμενος</em></strong></span> <span class='ocrx_word' id='word_1_121' title='bbox 1067 1655 1153 1721; x_wconf 81' lang='grc' dir='ltr'><strong><em>ἐάσω</em></strong></span> <span class='ocrx_word' id='word_1_122' title='bbox 1175 1657 1213 1721; x_wconf 86' lang='grc' dir='ltr'><strong><em>τὸ</em></strong></span> <span class='ocrx_word' id='word_1_123' title='bbox 1236 1655 1350 1742; x_wconf 80' lang='grc' dir='ltr'><strong><em>ἕτερον</em></strong></span> <span class='ocrx_word' id='word_1_124' title='bbox 1367 1655 1498 1721; x_wconf 90' lang='grc' dir='ltr'><strong><em>ἀνιστό-</em></strong></span> <span class='ocrx_word' id='word_1_125' title='bbox 1509 1681 1535 1720; x_wconf 89' lang='lat'><strong><em>10</em></strong></span> 
     </span>
     <span class='ocr_line' id='line_1_15' title="bbox 198 1750 1500 1841; baseline -0.001 -22"><span class='ocrx_word' id='word_1_126' title='bbox 198 1778 308 1841; x_wconf 90' lang='grc' dir='ltr'><strong><em>ρητον.</em></strong></span> <span class='ocrx_word' id='word_1_127' title='bbox 362 1752 413 1819; x_wconf 83' lang='grc' dir='ltr'><strong><em>ἀεὶ</em></strong></span> <span class='ocrx_word' id='word_1_128' title='bbox 435 1755 499 1839; x_wconf 84' lang='grc' dir='ltr'><strong><em>γὰρ</em></strong></span> <span class='ocrx_word' id='word_1_129' title='bbox 522 1755 560 1818; x_wconf 86' lang='grc' dir='ltr'><strong><em>τὸ</em></strong></span> <span class='ocrx_word' id='word_1_130' title='bbox 578 1750 725 1840; x_wconf 75' lang='grc' dir='ltr'><strong><em>παρεθδν</em></strong></span> <span class='ocrx_word' id='word_1_131' title='bbox 747 1756 986 1840; x_wconf 87' lang='grc' dir='ltr'><strong><em>προτιμότερον</em></strong></span> <span class='ocrx_word' id='word_1_132' title='bbox 1029 1762 1090 1818; x_wconf 83' lang='grc' dir='ltr'><strong><em>τοῦ</em></strong></span> <span class='ocrx_word' id='word_1_133' title='bbox 1113 1752 1303 1837; x_wconf 78' lang='grc' dir='ltr'><strong><em>ληφθέντος</em></strong></span> <span class='ocrx_word' id='word_1_134' title='bbox 1326 1757 1500 1837; x_wconf 80' lang='grc' dir='ltr'><strong><em>νομίζεται.</em></strong></span> 
     </span>
    </p>

    <p class='ocr_par' dir='ltr' id='par_1_4' title="bbox 194 1847 1564 3400">
     <span class='ocr_line' id='line_1_16' title="bbox 288 1847 1543 1938; baseline -0.001 -21"><span class='ocrx_word' id='word_1_135' title='bbox 288 1851 343 1918; x_wconf 81' lang='grc' dir='ltr'><strong><em>καὶ</em></strong></span> <span class='ocrx_word' id='word_1_136' title='bbox 357 1847 539 1936; x_wconf 67' lang='grc' dir='ltr'><strong><em>πάνταμὲν</em></strong></span> <span class='ocrx_word' id='word_1_137' title='bbox 552 1851 778 1938; x_wconf 89' lang='grc' dir='ltr'><strong><em>καταγράφειν</em></strong></span> <span class='ocrx_word' id='word_1_138' title='bbox 796 1851 975 1934; x_wconf 87' lang='grc' dir='ltr'><strong><em>ἀδύνατον,</em></strong></span> <span class='ocrx_word' id='word_1_139' title='bbox 1011 1850 1146 1936; x_wconf 92' lang='grc' dir='ltr'><strong><em>ἀπορῶν</em></strong></span> <span class='ocrx_word' id='word_1_140' title='bbox 1161 1847 1198 1916; x_wconf 72' lang='grc' dir='ltr'><strong><em>δὲ</em></strong></span> <span class='ocrx_word' id='word_1_141' title='bbox 1210 1863 1290 1917; x_wconf 81' lang='grc' dir='ltr'><strong><em>ποῖα</em></strong></span> <span class='ocrx_word' id='word_1_142' title='bbox 1307 1856 1543 1930; x_wconf 69' lang='grc' dir='ltr'><strong><em>καταλιπείνχς</em></strong></span> 
     </span>
     <span class='ocr_line' id='line_1_17' title="bbox 194 1948 1498 2035; baseline -0.002 -19"><span class='ocrx_word' id='word_1_143' title='bbox 194 1949 249 2016; x_wconf 82' lang='grc' dir='ltr'><strong><em>καὶ</em></strong></span> <span class='ocrx_word' id='word_1_144' title='bbox 272 1962 351 2016; x_wconf 83' lang='grc' dir='ltr'><strong><em>ποῖα</em></strong></span> <span class='ocrx_word' id='word_1_145' title='bbox 373 1949 576 2035; x_wconf 83' lang='grc' dir='ltr'><strong><em>αίρήσασθαι</em></strong></span> <span class='ocrx_word' id='word_1_146' title='bbox 652 1949 766 2033; x_wconf 89' lang='grc' dir='ltr'><strong><em>πάσχω</em></strong></span> <span class='ocrx_word' id='word_1_147' title='bbox 789 1950 829 2013; x_wconf 85' lang='grc' dir='ltr'><strong><em>τά</em></strong></span> <span class='ocrx_word' id='word_1_148' title='bbox 856 1959 925 2014; x_wconf 90' lang='grc' dir='ltr'><strong><em>τῶν</em></strong></span> <span class='ocrx_word' id='word_1_149' title='bbox 952 1948 1141 2033; x_wconf 89' lang='grc' dir='ltr'><strong><em>ὁδοιπόρων</em></strong></span> <span class='ocrx_word' id='word_1_150' title='bbox 1168 1950 1269 2026; x_wconf 83' lang='grc' dir='ltr'><strong><em>εἰκός·</em></strong></span> <span class='ocrx_word' id='word_1_151' title='bbox 1293 1948 1412 2014; x_wconf 82' lang='grc' dir='ltr'><strong><em>ἐκεῖνοι</em></strong></span> <span class='ocrx_word' id='word_1_152' title='bbox 1435 1950 1498 2034; x_wconf 88' lang='grc' dir='ltr'><strong><em>γάρ</em></strong></span> 
     </span>
     <span class='ocr_line' id='line_1_18' title="bbox 195 2044 1499 2136; baseline -0.001 -24"><span class='ocrx_word' id='word_1_153' title='bbox 195 2048 302 2136; x_wconf 81' lang='grc' dir='ltr'><strong><em>ὑπτίῳ.</em></strong></span> <span class='ocrx_word' id='word_1_154' title='bbox 328 2049 430 2136; x_wconf 91' lang='grc' dir='ltr'><strong><em>πεδίῳ</em></strong></span> <span class='ocrx_word' id='word_1_155' title='bbox 459 2049 686 2132; x_wconf 88' lang='grc' dir='ltr'><strong><em>φοιτήσαντες,</em></strong></span> <span class='ocrx_word' id='word_1_156' title='bbox 763 2047 843 2111; x_wconf 86' lang='grc' dir='ltr'><strong><em>ὅταν</em></strong></span> <span class='ocrx_word' id='word_1_157' title='bbox 869 2048 907 2111; x_wconf 86' lang='grc' dir='ltr'><strong><em>τὸ</em></strong></span> <span class='ocrx_word' id='word_1_158' title='bbox 938 2049 996 2131; x_wconf 85' lang='grc' dir='ltr'><strong><em>ἐαρ</em></strong></span> <span class='ocrx_word' id='word_1_159' title='bbox 1025 2047 1086 2129; x_wconf 85' lang='grc' dir='ltr'><strong><em>τήν</em></strong></span> <span class='ocrx_word' id='word_1_160' title='bbox 1116 2054 1180 2129; x_wconf 80' lang='grc' dir='ltr'><strong><em>γῆν</em></strong></span> <span class='ocrx_word' id='word_1_161' title='bbox 1208 2044 1397 2133; x_wconf 81' lang='grc' dir='ltr'><strong><em>περιστέφει</em></strong></span> <span class='ocrx_word' id='word_1_162' title='bbox 1429 2057 1499 2122; x_wconf 70' lang='grc' dir='ltr'><strong><em>τοῖς</em></strong></span> 
     </span>
     <span class='ocr_line' id='line_1_19' title="bbox 195 2143 1499 2231; baseline -0.002 -21"><span class='ocrx_word' id='word_1_163' title='bbox 195 2147 350 2229; x_wconf 82' lang='grc' dir='ltr'><strong><em>ἀνθεσιν,</em></strong></span> <span class='ocrx_word' id='word_1_164' title='bbox 451 2144 605 2230; x_wconf 82' lang='grc' dir='ltr'><strong><em>ἀπλήστῳ</em></strong></span> <span class='ocrx_word' id='word_1_165' title='bbox 633 2144 799 2231; x_wconf 75' lang='grc' dir='ltr'><strong><em>ὀφθαλμῷ</em></strong></span> <span class='ocrx_word' id='word_1_166' title='bbox 825 2145 866 2208; x_wconf 89' lang='grc' dir='ltr'><strong><em>τδι</em></strong></span> <span class='ocrx_word' id='word_1_167' title='bbox 888 2143 1088 2228; x_wconf 85' lang='grc' dir='ltr'><strong><em>ὑποκείμενα</em></strong></span> <span class='ocrx_word' id='word_1_168' title='bbox 1111 2146 1289 2227; x_wconf 84' lang='grc' dir='ltr'><strong><em>βόσκονται</em></strong></span> <span class='ocrx_word' id='word_1_169' title='bbox 1380 2147 1442 2228; x_wconf 91' lang='grc' dir='ltr'><strong><em>τήν</em></strong></span> <span class='ocrx_word' id='word_1_170' title='bbox 1463 2168 1499 2210; x_wconf 89' lang='grc' dir='ltr'><strong><em>τε</em></strong></span> 
     </span>
     <span class='ocr_line' id='line_1_20' title="bbox 196 2239 1522 2328; baseline 0.002 -20"><span class='ocrx_word' id='word_1_171' title='bbox 196 2244 313 2328; x_wconf 84' lang='grc' dir='ltr'><strong><em>ὅρασιν</em></strong></span> <span class='ocrx_word' id='word_1_172' title='bbox 336 2245 561 2326; x_wconf 89' lang='grc' dir='ltr'><strong><em>συγχεόμενοι,</em></strong></span> <span class='ocrx_word' id='word_1_173' title='bbox 632 2239 687 2306; x_wconf 78' lang='grc' dir='ltr'><strong><em>καὶ</em></strong></span> <span class='ocrx_word' id='word_1_174' title='bbox 711 2243 828 2306; x_wconf 86' lang='grc' dir='ltr'><strong><em>ἀλλοτε</em></strong></span> <span class='ocrx_word' id='word_1_175' title='bbox 851 2243 975 2325; x_wconf 83' lang='grc' dir='ltr'><strong><em>ταύτην</em></strong></span> <span class='ocrx_word' id='word_1_176' title='bbox 996 2242 1080 2327; x_wconf 86' lang='grc' dir='ltr'><strong><em>πρὸς</em></strong></span> <span class='ocrx_word' id='word_1_177' title='bbox 1102 2243 1186 2307; x_wconf 84' lang='grc' dir='ltr'><strong><em>ἀλλα</em></strong></span> <span class='ocrx_word' id='word_1_178' title='bbox 1209 2251 1267 2325; x_wconf 85' lang='grc' dir='ltr'><strong><em>τής</em></strong></span> <span class='ocrx_word' id='word_1_179' title='bbox 1289 2244 1388 2326; x_wconf 90' lang='grc' dir='ltr'><strong><em>χλόης</em></strong></span> <span class='ocrx_word' id='word_1_180' title='bbox 1410 2243 1522 2325; x_wconf 84' lang='grc' dir='ltr'><strong><em>ἀνθητ</em></strong></span> 
     </span>
     <span class='ocr_line' id='line_1_21' title="bbox 194 2335 1564 2426; baseline -0.001 -20"><span class='ocrx_word' id='word_1_181' title='bbox 194 2342 479 2426; x_wconf 81' lang='grc' dir='ltr'><strong><em>μεταρριπίζοντες</em></strong></span> <span class='ocrx_word' id='word_1_182' title='bbox 533 2341 656 2404; x_wconf 88' lang='grc' dir='ltr'><strong><em>έλαθον</em></strong></span> <span class='ocrx_word' id='word_1_183' title='bbox 680 2336 818 2414; x_wconf 83' lang='grc' dir='ltr'><strong><em>ἑαυτοὺς</em></strong></span> <span class='ocrx_word' id='word_1_184' title='bbox 836 2335 941 2422; x_wconf 70' lang='grc' dir='ltr'><strong><em>μηδὲν</em></strong></span> <span class='ocrx_word' id='word_1_185' title='bbox 963 2337 1107 2424; x_wconf 82' lang='grc' dir='ltr'><strong><em>ἀκριβῶς</em></strong></span> <span class='ocrx_word' id='word_1_186' title='bbox 1129 2349 1197 2403; x_wconf 90' lang='grc' dir='ltr'><strong><em>τῶν</em></strong></span> <span class='ocrx_word' id='word_1_187' title='bbox 1218 2339 1321 2404; x_wconf 81' lang='grc' dir='ltr'><strong><em>ἐκεῖσε</em></strong></span> <span class='ocrx_word' id='word_1_188' title='bbox 1339 2341 1500 2422; x_wconf 89' lang='grc' dir='ltr'><strong><em>κατανοή-</em></strong></span> <span class='ocrx_word' id='word_1_189' title='bbox 1561 2387 1564 2392; x_wconf 91' lang='grc'><strong>-</strong></span> 
     </span>
     <span class='ocr_line' id='line_1_22' title="bbox 195 2434 1500 2522; baseline 0 -20"><span class='ocrx_word' id='word_1_190' title='bbox 195 2454 320 2514; x_wconf 90' lang='grc' dir='ltr'><strong><em>σαντες.</em></strong></span> <span class='ocrx_word' id='word_1_191' title='bbox 379 2439 480 2503; x_wconf 83' lang='grc' dir='ltr'><strong><em>ἔνθεν</em></strong></span> <span class='ocrx_word' id='word_1_192' title='bbox 498 2434 559 2522; x_wconf 68' lang='grc' dir='ltr'><strong><em>μὲν</em></strong></span> <span class='ocrx_word' id='word_1_193' title='bbox 578 2437 641 2522; x_wconf 89' lang='grc' dir='ltr'><strong><em>γδιρ</em></strong></span> <span class='ocrx_word' id='word_1_194' title='bbox 660 2436 832 2522; x_wconf 77' lang='grc' dir='ltr'><strong><em>ὑάκινθος,</em></strong></span> <span class='ocrx_word' id='word_1_195' title='bbox 899 2436 1030 2501; x_wconf 84' lang='grc' dir='ltr'><strong><em>ἐκεῖθεν</em></strong></span> <span class='ocrx_word' id='word_1_196' title='bbox 1052 2439 1245 2522; x_wconf 88' lang='grc' dir='ltr'><strong><em>μελίλωτον,</em></strong></span> <span class='ocrx_word' id='word_1_197' title='bbox 1303 2436 1500 2521; x_wconf 86' lang='grc' dir='ltr'><strong><em>ήάνεμώνη</em></strong></span> 
     </span>
     <span class='ocr_line' id='line_1_23' title="bbox 194 2533 1500 2621; baseline -0.001 -21"><span class='ocrx_word' id='word_1_198' title='bbox 194 2534 249 2600; x_wconf 80' lang='grc' dir='ltr'><strong><em>καὶ</em></strong></span> <span class='ocrx_word' id='word_1_199' title='bbox 277 2537 469 2621; x_wconf 90' lang='grc' dir='ltr'><strong><em>νάρκισσος,</em></strong></span> <span class='ocrx_word' id='word_1_200' title='bbox 569 2536 715 2600; x_wconf 84' lang='grc' dir='ltr'><strong><em>άλλοθεν</em></strong></span> <span class='ocrx_word' id='word_1_201' title='bbox 740 2537 859 2616; x_wconf 90' lang='grc' dir='ltr'><strong><em>κρίνον</em></strong></span> <span class='ocrx_word' id='word_1_202' title='bbox 885 2533 906 2617; x_wconf 84' lang='grc' dir='ltr'><strong><em>ή</em></strong></span> <span class='ocrx_word' id='word_1_203' title='bbox 934 2534 1081 2620; x_wconf 80' lang='grc' dir='ltr'><strong><em>βοδωνιδι</em></strong></span> <span class='ocrx_word' id='word_1_204' title='bbox 1107 2537 1167 2600; x_wconf 90' lang='grc' dir='ltr'><strong><em>καί</em></strong></span> <span class='ocrx_word' id='word_1_205' title='bbox 1185 2558 1236 2610; x_wconf 91' lang='grc' dir='ltr'><strong><em>τις</em></strong></span> <span class='ocrx_word' id='word_1_206' title='bbox 1265 2536 1348 2617; x_wconf 82' lang='grc' dir='ltr'><strong><em>άλλη</em></strong></span> <span class='ocrx_word' id='word_1_207' title='bbox 1376 2536 1500 2617; x_wconf 81' lang='grc' dir='ltr'><strong><em>βοτάνη</em></strong></span> 
     </span>
     <span class='ocr_line' id='line_1_24' title="bbox 195 2629 1501 2720; baseline -0.001 -23"><span class='ocrx_word' id='word_1_208' title='bbox 195 2634 425 2720; x_wconf 90' lang='grc' dir='ltr'><strong><em>χρυσάνθεμος</em></strong></span> <span class='ocrx_word' id='word_1_209' title='bbox 518 2632 695 2717; x_wconf 79' lang='grc' dir='ltr'><strong><em>στοιχηδὸν</em></strong></span> <span class='ocrx_word' id='word_1_210' title='bbox 716 2637 882 2696; x_wconf 88' lang='grc' dir='ltr'><strong><em>κυκλῶσαι</em></strong></span> <span class='ocrx_word' id='word_1_211' title='bbox 910 2632 948 2697; x_wconf 90' lang='grc' dir='ltr'><strong><em>τὸ</em></strong></span> <span class='ocrx_word' id='word_1_212' title='bbox 976 2634 1064 2718; x_wconf 86' lang='grc' dir='ltr'><strong><em>όμμα</em></strong></span> <span class='ocrx_word' id='word_1_213' title='bbox 1091 2632 1233 2717; x_wconf 89' lang='grc' dir='ltr'><strong><em>διέχεαν,</em></strong></span> <span class='ocrx_word' id='word_1_214' title='bbox 1330 2633 1375 2708; x_wconf 86' lang='grc' dir='ltr'><strong><em>ὡς</em></strong></span> <span class='ocrx_word' id='word_1_215' title='bbox 1397 2629 1501 2717; x_wconf 71' lang='grc' dir='ltr'><strong><em>μηδὲν</em></strong></span> 
     </span>
     <span class='ocr_line' id='line_1_25' title="bbox 197 2727 1538 2816; baseline 0.003 -21"><span class='ocrx_word' id='word_1_216' title='bbox 197 2733 329 2815; x_wconf 76' lang='grc' dir='ltr'><strong><em>ἰσχῦσαι</em></strong></span> <span class='ocrx_word' id='word_1_217' title='bbox 359 2732 421 2814; x_wconf 85' lang='grc' dir='ltr'><strong><em>τήν</em></strong></span> <span class='ocrx_word' id='word_1_218' title='bbox 451 2731 570 2816; x_wconf 85' lang='grc' dir='ltr'><strong><em>ὅρασιν</em></strong></span> <span class='ocrx_word' id='word_1_219' title='bbox 647 2727 698 2812; x_wconf 85' lang='grc' dir='ltr'><strong><em>ἐφ’</em></strong></span> <span class='ocrx_word' id='word_1_220' title='bbox 734 2727 854 2794; x_wconf 79' lang='grc' dir='ltr'><strong><em>ἑαυτοῦ</em></strong></span> <span class='ocrx_word' id='word_1_221' title='bbox 883 2741 1012 2816; x_wconf 85' lang='grc' dir='ltr'><strong><em>τρανῶς</em></strong></span> <span class='ocrx_word' id='word_1_222' title='bbox 1045 2730 1323 2809; x_wconf 76' lang='grc' dir='ltr'><strong><em>κατασκέψασθαι.</em></strong></span> <span class='ocrx_word' id='word_1_223' title='bbox 1413 2729 1538 2799; x_wconf 82' lang='grc' dir='ltr'><strong><em>οὕτωω</em></strong></span> 
     </span>
     <span class='ocr_line' id='line_1_26' title="bbox 197 2826 1501 2916; baseline 0 -24"><span class='ocrx_word' id='word_1_224' title='bbox 197 2834 282 2911; x_wconf 81' lang='grc' dir='ltr'><strong><em>γοῦν</em></strong></span> <span class='ocrx_word' id='word_1_225' title='bbox 304 2826 359 2892; x_wconf 82' lang='grc' dir='ltr'><strong><em>καὶ</em></strong></span> <span class='ocrx_word' id='word_1_226' title='bbox 382 2826 476 2912; x_wconf 88' lang='grc' dir='ltr'><strong><em>ήμῶν</em></strong></span> <span class='ocrx_word' id='word_1_227' title='bbox 503 2836 560 2911; x_wconf 81' lang='grc' dir='ltr'><strong><em>τῆς</em></strong></span> <span class='ocrx_word' id='word_1_228' title='bbox 588 2829 739 2903; x_wconf 91' lang='grc' dir='ltr'><strong><em>διανοίας</em></strong></span> <span class='ocrx_word' id='word_1_229' title='bbox 761 2826 781 2910; x_wconf 87' lang='grc' dir='ltr'><strong><em>ή</em></strong></span> <span class='ocrx_word' id='word_1_230' title='bbox 814 2829 891 2905; x_wconf 63' lang='grc' dir='ltr'><strong><em>δήεις</em></strong></span> <span class='ocrx_word' id='word_1_231' title='bbox 913 2836 959 2916; x_wconf 79' lang='grc' dir='ltr'><strong><em>τῳ</em></strong></span> <span class='ocrx_word' id='word_1_232' title='bbox 982 2838 1049 2894; x_wconf 89' lang='grc' dir='ltr'><strong><em>τῶν</em></strong></span> <span class='ocrx_word' id='word_1_233' title='bbox 1070 2830 1254 2912; x_wconf 88' lang='grc' dir='ltr'><strong><em>θαυμάτων</em></strong></span> <span class='ocrx_word' id='word_1_234' title='bbox 1276 2831 1398 2912; x_wconf 89' lang='grc' dir='ltr'><strong><em>πλήθει</em></strong></span> <span class='ocrx_word' id='word_1_235' title='bbox 1422 2844 1501 2910; x_wconf 92' lang='grc' dir='ltr'><strong><em>συγ-</em></strong></span> 
     </span>
     <span class='ocr_line' id='line_1_27' title="bbox 194 2923 1500 3013; baseline 0 -23"><span class='ocrx_word' id='word_1_236' title='bbox 194 2925 327 3010; x_wconf 89' lang='grc' dir='ltr'><strong><em>κέχυται</em></strong></span> <span class='ocrx_word' id='word_1_237' title='bbox 417 2923 472 2989; x_wconf 84' lang='grc' dir='ltr'><strong><em>καὶ</em></strong></span> <span class='ocrx_word' id='word_1_238' title='bbox 499 2924 583 3010; x_wconf 86' lang='grc' dir='ltr'><strong><em>πρὸς</em></strong></span> <span class='ocrx_word' id='word_1_239' title='bbox 609 2928 734 3010; x_wconf 89' lang='grc' dir='ltr'><strong><em>μυρίαν</em></strong></span> <span class='ocrx_word' id='word_1_240' title='bbox 757 2926 920 3010; x_wconf 84' lang='grc' dir='ltr'><strong><em>ἔκφρασιν</em></strong></span> <span class='ocrx_word' id='word_1_241' title='bbox 947 2927 1079 3003; x_wconf 82' lang='grc' dir='ltr'><strong><em>τούτοις</em></strong></span> <span class='ocrx_word' id='word_1_242' title='bbox 1101 2930 1272 3013; x_wconf 81' lang='grc' dir='ltr'><strong><em>μερίζεται.</em></strong></span> <span class='ocrx_word' id='word_1_243' title='bbox 1363 2923 1435 2992; x_wconf 91' lang='grc' dir='ltr'><strong><em>ἀλλ’</em></strong></span> <span class='ocrx_word' id='word_1_244' title='bbox 1462 2925 1500 2990; x_wconf 85' lang='grc' dir='ltr'><strong><em>έν</em></strong></span> 
     </span>
     <span class='ocr_line' id='line_1_28' title="bbox 195 3021 1501 3110; baseline 0.001 -23"><span class='ocrx_word' id='word_1_245' title='bbox 195 3023 277 3087; x_wconf 80' lang='grc' dir='ltr'><strong><em>είδει</em></strong></span> <span class='ocrx_word' id='word_1_246' title='bbox 294 3034 361 3087; x_wconf 89' lang='grc' dir='ltr'><strong><em>τῶν</em></strong></span> <span class='ocrx_word' id='word_1_247' title='bbox 379 3023 420 3087; x_wconf 82' lang='grc' dir='ltr'><strong><em>τά</em></strong></span> <span class='ocrx_word' id='word_1_248' title='bbox 442 3021 583 3107; x_wconf 89' lang='grc' dir='ltr'><strong><em>οὐράνια</em></strong></span> <span class='ocrx_word' id='word_1_249' title='bbox 610 3024 910 3108; x_wconf 81' lang='grc' dir='ltr'><strong><em>καταστεριζόντων</em></strong></span> <span class='ocrx_word' id='word_1_250' title='bbox 931 3024 968 3088; x_wconf 89' lang='grc' dir='ltr'><strong><em>τὸ</em></strong></span> <span class='ocrx_word' id='word_1_251' title='bbox 992 3021 1053 3108; x_wconf 70' lang='grc' dir='ltr'><strong><em>μὲν</em></strong></span> <span class='ocrx_word' id='word_1_252' title='bbox 1070 3024 1158 3110; x_wconf 86' lang='grc' dir='ltr'><strong><em>χόμα</em></strong></span> <span class='ocrx_word' id='word_1_253' title='bbox 1176 3035 1244 3089; x_wconf 89' lang='grc' dir='ltr'><strong><em>τῶν</em></strong></span> <span class='ocrx_word' id='word_1_254' title='bbox 1262 3025 1393 3110; x_wconf 84' lang='grc' dir='ltr'><strong><em>άστρων</em></strong></span> <span class='ocrx_word' id='word_1_255' title='bbox 1417 3021 1501 3106; x_wconf 88' lang='grc' dir='ltr'><strong><em>λέγω</em></strong></span> 
     </span>
     <span class='ocr_line' id='line_1_29' title="bbox 195 3117 1502 3205; baseline 0 -20"><span class='ocrx_word' id='word_1_256' title='bbox 195 3121 236 3203; x_wconf 85' lang='grc' dir='ltr'><strong><em>δή</em></strong></span> <span class='ocrx_word' id='word_1_257' title='bbox 259 3132 326 3185; x_wconf 90' lang='grc' dir='ltr'><strong><em>τῶν</em></strong></span> <span class='ocrx_word' id='word_1_258' title='bbox 347 3120 531 3204; x_wconf 91' lang='grc' dir='ltr'><strong><em>θαυμάτων</em></strong></span> <span class='ocrx_word' id='word_1_259' title='bbox 553 3118 710 3204; x_wconf 83' lang='grc' dir='ltr'><strong><em>ἐάσωμεν,</em></strong></span> <span class='ocrx_word' id='word_1_260' title='bbox 780 3118 829 3184; x_wconf 85' lang='grc' dir='ltr'><strong><em>ἐπ’</em></strong></span> <span class='ocrx_word' id='word_1_261' title='bbox 857 3120 971 3205; x_wconf 79' lang='grc' dir='ltr'><strong><em>ὀλίγας</em></strong></span> <span class='ocrx_word' id='word_1_262' title='bbox 994 3117 1031 3186; x_wconf 72' lang='grc' dir='ltr'><strong><em>δὲ</em></strong></span> <span class='ocrx_word' id='word_1_263' title='bbox 1057 3123 1186 3188; x_wconf 88' lang='grc' dir='ltr'><strong><em>τούτων</em></strong></span> <span class='ocrx_word' id='word_1_264' title='bbox 1209 3124 1339 3198; x_wconf 86' lang='grc' dir='ltr'><strong><em>είκόνας</em></strong></span> <span class='ocrx_word' id='word_1_265' title='bbox 1361 3121 1502 3205; x_wconf 87' lang='grc' dir='ltr'><strong><em>εὐσημο-</em></strong></span> 
     </span>
     <span class='ocr_line' id='line_1_30' title="bbox 194 3217 1537 3306; baseline 0.004 -24"><span class='ocrx_word' id='word_1_266' title='bbox 194 3217 290 3302; x_wconf 89' lang='grc' dir='ltr'><strong><em>τέρας</em></strong></span> <span class='ocrx_word' id='word_1_267' title='bbox 312 3228 351 3304; x_wconf 76' lang='grc' dir='ltr'><strong><em>τῇ</em></strong></span> <span class='ocrx_word' id='word_1_268' title='bbox 374 3220 533 3303; x_wconf 84' lang='grc' dir='ltr'><strong><em>συνεπείμ</em></strong></span> <span class='ocrx_word' id='word_1_269' title='bbox 555 3218 767 3302; x_wconf 76' lang='grc' dir='ltr'><strong><em>τρεψόμεθα,</em></strong></span> <span class='ocrx_word' id='word_1_270' title='bbox 839 3217 933 3296; x_wconf 81' lang='grc' dir='ltr'><strong><em>τάξιν</em></strong></span> <span class='ocrx_word' id='word_1_271' title='bbox 954 3217 1010 3284; x_wconf 85' lang='grc' dir='ltr'><strong><em>καὶ</em></strong></span> <span class='ocrx_word' id='word_1_272' title='bbox 1032 3218 1197 3306; x_wconf 81' lang='grc' dir='ltr'><strong><em>ἁρμονίαν</em></strong></span> <span class='ocrx_word' id='word_1_273' title='bbox 1219 3221 1322 3306; x_wconf 87' lang='grc' dir='ltr'><strong><em>ταότη</em></strong></span> <span class='ocrx_word' id='word_1_274' title='bbox 1345 3226 1391 3305; x_wconf 76' lang='grc' dir='ltr'><strong><em>τῷ</em></strong></span> <span class='ocrx_word' id='word_1_275' title='bbox 1415 3221 1502 3306; x_wconf 88' lang='grc' dir='ltr'><strong><em>λόγῳ</em></strong></span> <span class='ocrx_word' id='word_1_276' title='bbox 1512 3246 1537 3287; x_wconf 79' lang='grc' dir='ltr'><strong><em>ιτ</em></strong></span> 
     </span>
     <span class='ocr_line' id='line_1_31' title="bbox 194 3314 401 3400; baseline -0.005 -21"><span class='ocrx_word' id='word_1_277' title='bbox 194 3314 401 3400; x_wconf 85' lang='grc' dir='ltr'><strong><em>παρέχοντες.</em></strong></span> 
     </span>
    </p>

    <p class='ocr_par' dir='ltr' id='par_1_5' title="bbox 196 3410 1547 3883">
     <span class='ocr_line' id='line_1_32' title="bbox 282 3410 1547 3500; baseline 0 -24"><span class='ocrx_word' id='word_1_278' title='bbox 282 3410 496 3489; x_wconf 90' lang='grc' dir='ltr'><strong><em>Ἀναστάσιός</em></strong></span> <span class='ocrx_word' id='word_1_279' title='bbox 518 3436 569 3489; x_wconf 90' lang='grc' dir='ltr'><strong><em>τις</em></strong></span> <span class='ocrx_word' id='word_1_280' title='bbox 591 3413 740 3497; x_wconf 88' lang='grc' dir='ltr'><strong><em>ὀνόματι,</em></strong></span> <span class='ocrx_word' id='word_1_281' title='bbox 816 3414 942 3499; x_wconf 80' lang='grc' dir='ltr'><strong><em>Βιζύην</em></strong></span> <span class='ocrx_word' id='word_1_282' title='bbox 964 3417 1076 3499; x_wconf 78' lang='grc' dir='ltr'><strong><em>οδκῶν,</em></strong></span> <span class='ocrx_word' id='word_1_283' title='bbox 1099 3413 1203 3500; x_wconf 80' lang='grc' dir='ltr'><strong><em>ξηράν</em></strong></span> <span class='ocrx_word' id='word_1_284' title='bbox 1226 3413 1262 3479; x_wconf 85' lang='grc' dir='ltr'><strong><em>ἐκ</em></strong></span> <span class='ocrx_word' id='word_1_285' title='bbox 1285 3416 1416 3498; x_wconf 91' lang='grc' dir='ltr'><strong><em>χρόνων</em></strong></span> <span class='ocrx_word' id='word_1_286' title='bbox 1438 3415 1499 3496; x_wconf 84' lang='grc' dir='ltr'><strong><em>τὴν</em></strong></span> <span class='ocrx_word' id='word_1_287' title='bbox 1510 3423 1547 3477; x_wconf 80' lang='lat'><strong><em>15</em></strong></span> 
     </span>
     <span class='ocr_line' id='line_1_33' title="bbox 199 3499 1502 3588; baseline 0 -23"><span class='ocrx_word' id='word_1_288' title='bbox 199 3510 292 3586; x_wconf 82' lang='grc' dir='ltr'><strong><em>χεῖρα</em></strong></span> <span class='ocrx_word' id='word_1_289' title='bbox 317 3499 478 3585; x_wconf 88' lang='grc' dir='ltr'><strong><em>ἐκέκτητο,</em></strong></span> <span class='ocrx_word' id='word_1_290' title='bbox 536 3503 643 3584; x_wconf 90' lang='grc' dir='ltr'><strong><em>πάντη</em></strong></span> <span class='ocrx_word' id='word_1_291' title='bbox 666 3525 700 3567; x_wconf 90' lang='grc' dir='ltr'><strong><em>τε</em></strong></span> <span class='ocrx_word' id='word_1_292' title='bbox 723 3503 847 3586; x_wconf 88' lang='grc' dir='ltr'><strong><em>ταύτην</em></strong></span> <span class='ocrx_word' id='word_1_293' title='bbox 870 3503 1024 3587; x_wconf 86' lang='grc' dir='ltr'><strong><em>ἀκίνητος</em></strong></span> <span class='ocrx_word' id='word_1_294' title='bbox 1046 3499 1098 3588; x_wconf 85' lang='grc' dir='ltr'><strong><em>ήν,</em></strong></span> <span class='ocrx_word' id='word_1_295' title='bbox 1126 3515 1193 3569; x_wconf 90' lang='grc' dir='ltr'><strong><em>τῶν</em></strong></span> <span class='ocrx_word' id='word_1_296' title='bbox 1216 3504 1390 3568; x_wconf 86' lang='grc' dir='ltr'><strong><em>δακτύλων</em></strong></span> <span class='ocrx_word' id='word_1_297' title='bbox 1412 3501 1502 3588; x_wconf 78' lang='grc' dir='ltr'><strong><em>αὐτῷ</em></strong></span> 
     </span>
     <span class='ocr_line' id='line_1_34' title="bbox 196 3597 1456 3688; baseline 0.001 -26"><span class='ocrx_word' id='word_1_298' title='bbox 196 3597 252 3663; x_wconf 80' lang='grc' dir='ltr'><strong><em>καὶ</em></strong></span> <span class='ocrx_word' id='word_1_299' title='bbox 274 3608 335 3664; x_wconf 90' lang='grc' dir='ltr'><strong><em>τοῦ</em></strong></span> <span class='ocrx_word' id='word_1_300' title='bbox 357 3597 503 3683; x_wconf 88' lang='grc' dir='ltr'><strong><em>θέναρος</em></strong></span> <span class='ocrx_word' id='word_1_301' title='bbox 591 3599 701 3684; x_wconf 86' lang='grc' dir='ltr'><strong><em>ἀργῶς</em></strong></span> <span class='ocrx_word' id='word_1_302' title='bbox 727 3599 782 3664; x_wconf 77' lang='grc' dir='ltr'><strong><em>καὶ</em></strong></span> <span class='ocrx_word' id='word_1_303' title='bbox 810 3601 917 3685; x_wconf 88' lang='grc' dir='ltr'><strong><em>μάτην</em></strong></span> <span class='ocrx_word' id='word_1_304' title='bbox 944 3600 1206 3688; x_wconf 87' lang='grc' dir='ltr'><strong><em>ἀπαιωρημένων</em></strong></span> <span class='ocrx_word' id='word_1_305' title='bbox 1233 3609 1294 3665; x_wconf 89' lang='grc' dir='ltr'><strong><em>τοῦ</em></strong></span> <span class='ocrx_word' id='word_1_306' title='bbox 1321 3603 1456 3683; x_wconf 89' lang='grc' dir='ltr'><strong><em>πήχυος.</em></strong></span> 
     </span>
     <span class='ocr_line' id='line_1_35' title="bbox 197 3689 1502 3783; baseline 0.002 -23"><span class='ocrx_word' id='word_1_307' title='bbox 197 3689 295 3774; x_wconf 84' lang='grc' dir='ltr'><strong><em>οὗτος</em></strong></span> <span class='ocrx_word' id='word_1_308' title='bbox 317 3704 459 3781; x_wconf 86' lang='grc' dir='ltr'><strong><em>κατήρεν</em></strong></span> <span class='ocrx_word' id='word_1_309' title='bbox 477 3697 524 3772; x_wconf 79' lang='grc' dir='ltr'><strong><em>εἰς</em></strong></span> <span class='ocrx_word' id='word_1_310' title='bbox 542 3696 602 3760; x_wconf 89' lang='grc' dir='ltr'><strong><em>τὸν</em></strong></span> <span class='ocrx_word' id='word_1_311' title='bbox 625 3696 741 3781; x_wconf 87' lang='grc' dir='ltr'><strong><em>λιμένα</em></strong></span> <span class='ocrx_word' id='word_1_312' title='bbox 763 3707 884 3764; x_wconf 85' lang='grc' dir='ltr'><strong><em>τοῦτον</em></strong></span> <span class='ocrx_word' id='word_1_313' title='bbox 902 3707 960 3783; x_wconf 85' lang='grc' dir='ltr'><strong><em>τής</em></strong></span> <span class='ocrx_word' id='word_1_314' title='bbox 978 3698 1151 3781; x_wconf 89' lang='grc' dir='ltr'><strong><em>ἀπαθείας,</em></strong></span> <span class='ocrx_word' id='word_1_315' title='bbox 1169 3695 1224 3762; x_wconf 82' lang='grc' dir='ltr'><strong><em>καὶ</em></strong></span> <span class='ocrx_word' id='word_1_316' title='bbox 1242 3697 1301 3773; x_wconf 82' lang='grc' dir='ltr'><strong><em>τὰς</em></strong></span> <span class='ocrx_word' id='word_1_317' title='bbox 1324 3695 1426 3782; x_wconf 83' lang='grc' dir='ltr'><strong><em>ἀρχάς</em></strong></span> <span class='ocrx_word' id='word_1_318' title='bbox 1444 3705 1502 3781; x_wconf 81' lang='grc' dir='ltr'><strong><em>τῆς</em></strong></span> 
     </span>
     <span class='ocr_line' id='line_1_36' title="bbox 197 3792 1523 3883; baseline 0.005 -25"><span class='ocrx_word' id='word_1_319' title='bbox 197 3793 331 3870; x_wconf 81' lang='grc' dir='ltr'><strong><em>ἐλπίδος</em></strong></span> <span class='ocrx_word' id='word_1_320' title='bbox 354 3793 484 3872; x_wconf 80' lang='grc' dir='ltr'><strong><em>ἀνάψας</em></strong></span> <span class='ocrx_word' id='word_1_321' title='bbox 508 3792 562 3858; x_wconf 78' lang='grc' dir='ltr'><strong><em>ἐπὶ</em></strong></span> <span class='ocrx_word' id='word_1_322' title='bbox 584 3793 644 3859; x_wconf 89' lang='grc' dir='ltr'><strong><em>τὸν</em></strong></span> <span class='ocrx_word' id='word_1_323' title='bbox 662 3795 760 3878; x_wconf 82' lang='grc' dir='ltr'><strong><em>ἀγιον</em></strong></span> <span class='ocrx_word' id='word_1_324' title='bbox 833 3795 954 3880; x_wconf 90' lang='grc' dir='ltr'><strong><em>ἐνάτην</em></strong></span> <span class='ocrx_word' id='word_1_325' title='bbox 975 3796 1102 3883; x_wconf 78' lang='grc' dir='ltr'><strong><em>ἡμέραν</em></strong></span> <span class='ocrx_word' id='word_1_326' title='bbox 1124 3802 1266 3881; x_wconf 80' lang='grc' dir='ltr'><strong><em>γαληνιᾷ</em></strong></span> <span class='ocrx_word' id='word_1_327' title='bbox 1292 3795 1353 3878; x_wconf 86' lang='grc' dir='ltr'><strong><em>τήν</em></strong></span> <span class='ocrx_word' id='word_1_328' title='bbox 1379 3797 1523 3879; x_wconf 79' lang='grc' dir='ltr'><strong><em>ψυχήν,τ</em></strong></span> 
     </span>
    </p>
   </div>
   <div class='ocr_carea' id='block_1_3' title="bbox 195 3975 1501 4768">
    <p class='ocr_par' dir='ltr' id='par_1_6' title="bbox 195 3975 1501 4768">
     <span class='ocr_line' id='line_1_37' title="bbox 284 3975 1501 4050; baseline 0.003 -20"><span class='ocrx_word' id='word_1_329' title='bbox 284 3983 318 4030; x_wconf 87' lang='grc'><strong><em>22</em></strong></span> <span class='ocrx_word' id='word_1_330' title='bbox 337 3977 472 4032; x_wconf 80' lang='grc' dir='ltr'><strong><em>ἐστέλλετο</em></strong></span> <span class='ocrx_word' id='word_1_331' title='bbox 501 3980 567 4031; x_wconf 71' lang='lat' dir='ltr'>ante</span> <span class='ocrx_word' id='word_1_332' title='bbox 594 3975 700 4048; x_wconf 87' lang='grc' dir='ltr'><strong><em>χαίρων</em></strong></span> <span class='ocrx_word' id='word_1_333' title='bbox 722 3979 752 4031; x_wconf 89' lang='grc' dir='ltr'><strong>Μ</strong></span> <span class='ocrx_word' id='word_1_334' title='bbox 781 3981 785 4048; x_wconf 94' lang='grc' dir='ltr'>Ι</span> <span class='ocrx_word' id='word_1_335' title='bbox 815 3986 849 4032; x_wconf 85' lang='grc'><strong><em>23</em></strong></span> <span class='ocrx_word' id='word_1_336' title='bbox 874 3978 1097 4050; x_wconf 86' lang='grc' dir='ltr'><strong><em>κηροπλαστικὰς</em></strong></span> <span class='ocrx_word' id='word_1_337' title='bbox 1124 3976 1236 4041; x_wconf 82' lang='grc' dir='ltr'><strong><em>εἰκόνας</em></strong></span> <span class='ocrx_word' id='word_1_338' title='bbox 1261 3981 1327 4048; x_wconf 74' lang='lat' dir='ltr'><strong>post</strong></span> <span class='ocrx_word' id='word_1_339' title='bbox 1357 3977 1501 4050; x_wconf 87' lang='grc' dir='ltr'><strong><em>θρίαμβον</em></strong></span> 
     </span>
     <span class='ocr_line' id='line_1_38' title="bbox 198 4051 1499 4131; baseline 0.002 -21"><span class='ocrx_word' id='word_1_340' title='bbox 198 4057 262 4110; x_wconf 82' lang='lat' dir='ltr'><strong>add.</strong></span> <span class='ocrx_word' id='word_1_341' title='bbox 281 4057 311 4110; x_wconf 90' lang='lat' dir='ltr'>M</span> <span class='ocrx_word' id='word_1_342' title='bbox 327 4060 331 4126; x_wconf 96' lang='grc' dir='ltr'>Ι</span> <span class='ocrx_word' id='word_1_343' title='bbox 349 4057 379 4112; x_wconf 89' lang='grc' dir='ltr'><strong><em>ἐν</em></strong></span> <span class='ocrx_word' id='word_1_344' title='bbox 397 4066 493 4128; x_wconf 85' lang='grc' dir='ltr'><strong><em>κηροῖς</em></strong></span> <span class='ocrx_word' id='word_1_345' title='bbox 511 4057 559 4128; x_wconf 85' lang='grc' dir='ltr'><strong><em>ΔΙΙ</em></strong></span> <span class='ocrx_word' id='word_1_346' title='bbox 574 4063 615 4126; x_wconf 88' lang='grc'><strong><em>13,</em></strong></span> <span class='ocrx_word' id='word_1_347' title='bbox 631 4063 647 4111; x_wconf 87' lang='grc'>2</span> <span class='ocrx_word' id='word_1_348' title='bbox 666 4056 756 4129; x_wconf 86' lang='grc' dir='ltr'><strong><em>τάχως</em></strong></span> <span class='ocrx_word' id='word_1_349' title='bbox 774 4059 798 4112; x_wconf 86' lang='grc' dir='ltr'><strong>Α</strong></span> <span class='ocrx_word' id='word_1_350' title='bbox 815 4062 819 4128; x_wconf 89' lang='grc' dir='ltr'>Ι</span> <span class='ocrx_word' id='word_1_351' title='bbox 836 4066 851 4111; x_wconf 88' lang='grc'>3</span> <span class='ocrx_word' id='word_1_352' title='bbox 870 4059 902 4114; x_wconf 77' lang='grc' dir='ltr'><strong><em>ἐν</em></strong></span> <span class='ocrx_word' id='word_1_353' title='bbox 921 4051 942 4131; x_wconf 75' lang='grc' dir='ltr'><strong><em>ᾧ</em></strong></span> <span class='ocrx_word' id='word_1_354' title='bbox 961 4059 986 4112; x_wconf 90' lang='lat' dir='ltr'>A</span> <span class='ocrx_word' id='word_1_355' title='bbox 1013 4059 1097 4114; x_wconf 83' lang='grc' dir='ltr'><strong><em>ἀιωνϊ</em></strong></span> <span class='ocrx_word' id='word_1_356' title='bbox 1109 4059 1139 4111; x_wconf 90' lang='grc' dir='ltr'>Μ</span> <span class='ocrx_word' id='word_1_357' title='bbox 1155 4062 1159 4128; x_wconf 89' lang='grc' dir='ltr'>Ι</span> <span class='ocrx_word' id='word_1_358' title='bbox 1175 4059 1223 4113; x_wconf 78' lang='grc' dir='ltr'><strong><em>καὶ</em></strong></span> <span class='ocrx_word' id='word_1_359' title='bbox 1237 4061 1303 4113; x_wconf 73' lang='lat' dir='ltr'>ante</span> <span class='ocrx_word' id='word_1_360' title='bbox 1317 4060 1368 4113; x_wconf 80' lang='grc' dir='ltr'><strong><em>οόκ</em></strong></span> <span class='ocrx_word' id='word_1_361' title='bbox 1383 4059 1499 4131; x_wconf 76' lang='grc' dir='ltr'><strong><em>αάόΜΙ</em></strong></span> 
     </span>
     <span class='ocr_line' id='line_1_39' title="bbox 196 4133 1501 4209; baseline 0.001 -20"><span class='ocrx_word' id='word_1_362' title='bbox 196 4134 341 4207; x_wconf 60' lang='lat' dir='ltr'><strong><em>uptam</em></strong></span> <span class='ocrx_word' id='word_1_363' title='bbox 365 4137 414 4192; x_wconf 91' lang='grc' dir='ltr'><strong><em>τὸν</em></strong></span> <span class='ocrx_word' id='word_1_364' title='bbox 438 4133 517 4193; x_wconf 87' lang='grc' dir='ltr'><strong><em>οἷκον</em></strong></span> <span class='ocrx_word' id='word_1_365' title='bbox 542 4136 643 4192; x_wconf 78' lang='grc' dir='ltr'><strong><em>ἐάυτοῦ</em></strong></span> <span class='ocrx_word' id='word_1_366' title='bbox 662 4138 690 4190; x_wconf 93' lang='grc' dir='ltr'><strong>Μ</strong></span> <span class='ocrx_word' id='word_1_367' title='bbox 713 4141 717 4208; x_wconf 98' lang='grc' dir='ltr'>Ι</span> <span class='ocrx_word' id='word_1_368' title='bbox 740 4137 927 4208; x_wconf 80' lang='grc' dir='ltr'><strong><em>ἀφήλλατοΑ</em></strong></span> <span class='ocrx_word' id='word_1_369' title='bbox 954 4137 1089 4209; x_wconf 87' lang='grc' dir='ltr'><strong><em>ἀφείλατο</em></strong></span> <span class='ocrx_word' id='word_1_370' title='bbox 1108 4138 1138 4190; x_wconf 92' lang='grc' dir='ltr'>Μ</span> <span class='ocrx_word' id='word_1_371' title='bbox 1158 4142 1162 4208; x_wconf 91' lang='grc' dir='ltr'>Ι</span> <span class='ocrx_word' id='word_1_372' title='bbox 1183 4145 1199 4191; x_wconf 80' lang='lat'><strong>5</strong></span> <span class='ocrx_word' id='word_1_373' title='bbox 1224 4136 1459 4208; x_wconf 83' lang='grc' dir='ltr'><strong><em>προταινίσματος</em></strong></span> <span class='ocrx_word' id='word_1_374' title='bbox 1476 4140 1501 4190; x_wconf 93' lang='lat' dir='ltr'>A</span> 
     </span>
     <span class='ocr_line' id='line_1_40' title="bbox 195 4214 1499 4290; baseline -0.001 -20"><span class='ocrx_word' id='word_1_375' title='bbox 195 4214 412 4286; x_wconf 86' lang='grc' dir='ltr'><strong><em>προτενίοματος</em></strong></span> <span class='ocrx_word' id='word_1_376' title='bbox 430 4218 458 4269; x_wconf 93' lang='grc' dir='ltr'><strong>Μ</strong></span> <span class='ocrx_word' id='word_1_377' title='bbox 480 4220 485 4286; x_wconf 95' lang='grc' dir='ltr'>Ι</span> <span class='ocrx_word' id='word_1_378' title='bbox 506 4223 522 4270; x_wconf 88' lang='grc'><strong>6</strong></span> <span class='ocrx_word' id='word_1_379' title='bbox 541 4215 629 4288; x_wconf 87' lang='grc' dir='ltr'><strong><em>γέγων</em></strong></span> <span class='ocrx_word' id='word_1_380' title='bbox 647 4216 677 4271; x_wconf 87' lang='grc' dir='ltr'>Μ</span> <span class='ocrx_word' id='word_1_381' title='bbox 693 4221 697 4286; x_wconf 92' lang='grc' dir='ltr'>Ι</span> <span class='ocrx_word' id='word_1_382' title='bbox 712 4215 754 4280; x_wconf 86' lang='grc' dir='ltr'><strong><em>τίς</em></strong></span> <span class='ocrx_word' id='word_1_383' title='bbox 772 4234 825 4272; x_wconf 87' lang='lat' dir='ltr'><strong><em>om.</em></strong></span> <span class='ocrx_word' id='word_1_384' title='bbox 841 4219 866 4271; x_wconf 89' lang='lat' dir='ltr'>A</span> <span class='ocrx_word' id='word_1_385' title='bbox 882 4222 886 4288; x_wconf 91' lang='grc' dir='ltr'>Ι</span> <span class='ocrx_word' id='word_1_386' title='bbox 903 4217 934 4272; x_wconf 70' lang='grc' dir='ltr'><strong><em>δὲ</em></strong></span> <span class='ocrx_word' id='word_1_387' title='bbox 952 4221 1017 4288; x_wconf 83' lang='lat' dir='ltr'><strong>post</strong></span> <span class='ocrx_word' id='word_1_388' title='bbox 1034 4218 1130 4289; x_wconf 79' lang='grc' dir='ltr'><strong><em>ψυχὴν</em></strong></span> <span class='ocrx_word' id='word_1_389' title='bbox 1148 4219 1174 4271; x_wconf 88' lang='lat' dir='ltr'>A</span> <span class='ocrx_word' id='word_1_390' title='bbox 1198 4220 1203 4286; x_wconf 93' lang='grc' dir='ltr'>Ι</span> <span class='ocrx_word' id='word_1_391' title='bbox 1229 4225 1324 4289; x_wconf 77' lang='grc' dir='ltr'><strong><em>Ίχαρ.</em></strong></span> <span class='ocrx_word' id='word_1_392' title='bbox 1343 4217 1400 4288; x_wconf 89' lang='grc' dir='ltr'><strong><em>γε’γ.</em></strong></span> <span class='ocrx_word' id='word_1_393' title='bbox 1419 4218 1499 4290; x_wconf 87' lang='grc' dir='ltr'><strong><em>ΑΜΙ</em></strong></span> 
     </span>
     <span class='ocr_line' id='line_1_41' title="bbox 196 4294 1498 4368; baseline -0.001 -17"><span class='ocrx_word' id='word_1_394' title='bbox 196 4295 266 4351; x_wconf 87' lang='grc' dir='ltr'><strong><em>8τά</em></strong></span> <span class='ocrx_word' id='word_1_395' title='bbox 285 4297 314 4349; x_wconf 90' lang='grc' dir='ltr'><strong>Μ</strong></span> <span class='ocrx_word' id='word_1_396' title='bbox 341 4294 416 4350; x_wconf 77' lang='grc' dir='ltr'><strong><em>τοῦτ’</em></strong></span> <span class='ocrx_word' id='word_1_397' title='bbox 438 4295 463 4348; x_wconf 88' lang='lat' dir='ltr'>A</span> <span class='ocrx_word' id='word_1_398' title='bbox 488 4299 492 4365; x_wconf 96' lang='grc' dir='ltr'>Ι</span> <span class='ocrx_word' id='word_1_399' title='bbox 518 4302 533 4350; x_wconf 86' lang='grc'>9</span> <span class='ocrx_word' id='word_1_400' title='bbox 553 4297 755 4366; x_wconf 87' lang='grc' dir='ltr'><strong><em>άστηνῶμαιΑ</em></strong></span> <span class='ocrx_word' id='word_1_401' title='bbox 780 4301 784 4368; x_wconf 99' lang='grc' dir='ltr'>Ι</span> <span class='ocrx_word' id='word_1_402' title='bbox 809 4299 857 4352; x_wconf 82' lang='grc' dir='ltr'><strong><em>καὶ</em></strong></span> <span class='ocrx_word' id='word_1_403' title='bbox 881 4296 1113 4368; x_wconf 88' lang='grc' dir='ltr'><strong><em>καταπέπληγμαι</em></strong></span> <span class='ocrx_word' id='word_1_404' title='bbox 1135 4315 1188 4352; x_wconf 91' lang='lat' dir='ltr'><strong><em>om.</em></strong></span> <span class='ocrx_word' id='word_1_405' title='bbox 1207 4298 1232 4351; x_wconf 89' lang='lat' dir='ltr'>A</span> <span class='ocrx_word' id='word_1_406' title='bbox 1248 4301 1252 4367; x_wconf 98' lang='grc' dir='ltr'>Ι</span> <span class='ocrx_word' id='word_1_407' title='bbox 1268 4307 1302 4368; x_wconf 84' lang='grc' dir='ltr'><strong><em>πή</em></strong></span> <span class='ocrx_word' id='word_1_408' title='bbox 1321 4297 1431 4366; x_wconf 88' lang='grc' dir='ltr'><strong><em>μνήμην</em></strong></span> <span class='ocrx_word' id='word_1_409' title='bbox 1449 4296 1498 4368; x_wconf 92' lang='grc' dir='ltr'><strong><em>ΜΙ</em></strong></span> 
     </span>
     <span class='ocr_line' id='line_1_42' title="bbox 197 4375 1501 4448; baseline -0.001 -18"><span class='ocrx_word' id='word_1_410' title='bbox 197 4381 230 4430; x_wconf 88' lang='grc'><strong><em>10</em></strong></span> <span class='ocrx_word' id='word_1_411' title='bbox 244 4375 401 4446; x_wconf 88' lang='grc' dir='ltr'><strong><em>θαυμάτων</em></strong></span> <span class='ocrx_word' id='word_1_412' title='bbox 418 4379 483 4447; x_wconf 71' lang='lat' dir='ltr'><strong>post</strong></span> <span class='ocrx_word' id='word_1_413' title='bbox 500 4395 605 4446; x_wconf 87' lang='grc' dir='ltr'><strong><em>περιτρ.</em></strong></span> <span class='ocrx_word' id='word_1_414' title='bbox 624 4377 688 4432; x_wconf 82' lang='lat' dir='ltr'><strong>add.</strong></span> <span class='ocrx_word' id='word_1_415' title='bbox 709 4377 738 4430; x_wconf 88' lang='lat' dir='ltr'>M</span> <span class='ocrx_word' id='word_1_416' title='bbox 751 4381 761 4448; x_wconf 92' lang='grc' dir='ltr'><strong><em>ΙΙ</em></strong></span> <span class='ocrx_word' id='word_1_417' title='bbox 776 4383 818 4447; x_wconf 80' lang='grc'><strong><em>14,</em></strong></span> <span class='ocrx_word' id='word_1_418' title='bbox 834 4384 848 4431; x_wconf 92' lang='grc'>1</span> <span class='ocrx_word' id='word_1_419' title='bbox 867 4379 977 4441; x_wconf 85' lang='grc' dir='ltr'><strong><em>πάντας</em></strong></span> <span class='ocrx_word' id='word_1_420' title='bbox 994 4379 1024 4431; x_wconf 93' lang='grc' dir='ltr'><strong>Μ</strong></span> <span class='ocrx_word' id='word_1_421' title='bbox 1040 4382 1044 4448; x_wconf 98' lang='grc' dir='ltr'>Ι</span> <span class='ocrx_word' id='word_1_422' title='bbox 1059 4378 1157 4446; x_wconf 86' lang='grc' dir='ltr'><strong><em>ἀπορῶ</em></strong></span> <span class='ocrx_word' id='word_1_423' title='bbox 1176 4378 1200 4431; x_wconf 97' lang='lat' dir='ltr'>A</span> <span class='ocrx_word' id='word_1_424' title='bbox 1217 4381 1221 4447; x_wconf 96' lang='grc' dir='ltr'>Ι</span> <span class='ocrx_word' id='word_1_425' title='bbox 1238 4384 1253 4431; x_wconf 84' lang='grc'>2</span> <span class='ocrx_word' id='word_1_426' title='bbox 1272 4376 1304 4430; x_wconf 77' lang='grc' dir='ltr'><strong><em>δὲ</em></strong></span> <span class='ocrx_word' id='word_1_427' title='bbox 1321 4378 1387 4446; x_wconf 73' lang='lat' dir='ltr'><strong>post</strong></span> <span class='ocrx_word' id='word_1_428' title='bbox 1404 4375 1501 4446; x_wconf 87' lang='grc' dir='ltr'><strong><em>πάσχω</em></strong></span> 
     </span>
     <span class='ocr_line' id='line_1_43' title="bbox 195 4454 1499 4530; baseline -0.001 -20"><span class='ocrx_word' id='word_1_429' title='bbox 195 4457 259 4511; x_wconf 86' lang='lat' dir='ltr'>add.</span> <span class='ocrx_word' id='word_1_430' title='bbox 280 4456 357 4526; x_wconf 76' lang='grc' dir='ltr'><strong><em>ΑΙὸ</em></strong></span> <span class='ocrx_word' id='word_1_431' title='bbox 378 4455 455 4526; x_wconf 82' lang='grc' dir='ltr'><strong><em>ἀνθη</em></strong></span> <span class='ocrx_word' id='word_1_432' title='bbox 475 4457 569 4511; x_wconf 90' lang='lat' dir='ltr'><strong>om.M</strong></span> <span class='ocrx_word' id='word_1_433' title='bbox 584 4459 588 4530; x_wconf 93' lang='grc' dir='ltr'>Ι</span> <span class='ocrx_word' id='word_1_434' title='bbox 606 4463 620 4511; x_wconf 79' lang='grc'>7</span> <span class='ocrx_word' id='word_1_435' title='bbox 640 4455 819 4526; x_wconf 85' lang='grc' dir='ltr'><strong><em>μεμίλοτονΑ</em></strong></span> <span class='ocrx_word' id='word_1_436' title='bbox 835 4460 839 4527; x_wconf 96' lang='grc' dir='ltr'>Ι</span> <span class='ocrx_word' id='word_1_437' title='bbox 856 4457 986 4527; x_wconf 82' lang='grc' dir='ltr'><strong><em>8κρίνων</em></strong></span> <span class='ocrx_word' id='word_1_438' title='bbox 1003 4456 1021 4528; x_wconf 80' lang='grc' dir='ltr'><strong>ἢ</strong></span> <span class='ocrx_word' id='word_1_439' title='bbox 1041 4454 1133 4529; x_wconf 77' lang='grc' dir='ltr'><strong><em>βόδων</em></strong></span> <span class='ocrx_word' id='word_1_440' title='bbox 1152 4458 1200 4512; x_wconf 85' lang='grc' dir='ltr'><strong><em>οία</em></strong></span> <span class='ocrx_word' id='word_1_441' title='bbox 1217 4458 1243 4510; x_wconf 92' lang='lat' dir='ltr'>A</span> <span class='ocrx_word' id='word_1_442' title='bbox 1258 4460 1262 4526; x_wconf 92' lang='grc' dir='ltr'>Ι</span> <span class='ocrx_word' id='word_1_443' title='bbox 1279 4463 1295 4510; x_wconf 89' lang='grc'><strong>9</strong></span> <span class='ocrx_word' id='word_1_444' title='bbox 1313 4457 1499 4529; x_wconf 84' lang='grc' dir='ltr'><strong><em>κνκλῶοαΑΙ</em></strong></span> 
     </span>
     <span class='ocr_line' id='line_1_44' title="bbox 195 4536 1499 4608; baseline -0.002 -18"><span class='ocrx_word' id='word_1_445' title='bbox 195 4537 362 4607; x_wconf 86' lang='grc' dir='ltr'><strong><em>διέχειανΔ</em></strong></span> <span class='ocrx_word' id='word_1_446' title='bbox 386 4539 441 4606; x_wconf 86' lang='grc'><strong><em>110</em></strong></span> <span class='ocrx_word' id='word_1_447' title='bbox 462 4536 561 4607; x_wconf 73' lang='grc' dir='ltr'><strong><em>ἑαυτῆς</em></strong></span> <span class='ocrx_word' id='word_1_448' title='bbox 578 4538 624 4607; x_wconf 84' lang='grc' dir='ltr'><strong><em>ΑΙ</em></strong></span> <span class='ocrx_word' id='word_1_449' title='bbox 650 4543 683 4590; x_wconf 88' lang='grc'><strong><em>12</em></strong></span> <span class='ocrx_word' id='word_1_450' title='bbox 702 4536 757 4592; x_wconf 87' lang='grc' dir='ltr'><strong><em>ἀλλ’</em></strong></span> <span class='ocrx_word' id='word_1_451' title='bbox 777 4537 803 4591; x_wconf 87' lang='lat' dir='ltr'>A</span> <span class='ocrx_word' id='word_1_452' title='bbox 829 4539 878 4593; x_wconf 78' lang='grc' dir='ltr'><strong><em>καὶ</em></strong></span> <span class='ocrx_word' id='word_1_453' title='bbox 896 4539 926 4591; x_wconf 99' lang='grc' dir='ltr'><strong>Μ</strong></span> <span class='ocrx_word' id='word_1_454' title='bbox 950 4541 955 4608; x_wconf 92' lang='grc' dir='ltr'>Ι</span> <span class='ocrx_word' id='word_1_455' title='bbox 981 4545 1014 4592; x_wconf 80' lang='grc'><strong><em>15</em></strong></span> <span class='ocrx_word' id='word_1_456' title='bbox 1032 4537 1181 4608; x_wconf 85' lang='grc' dir='ltr'><strong><em>ταότηνΔ</em></strong></span> <span class='ocrx_word' id='word_1_457' title='bbox 1203 4540 1212 4606; x_wconf 94' lang='grc' dir='ltr'><strong><em>ΙΙ</em></strong></span> <span class='ocrx_word' id='word_1_458' title='bbox 1236 4542 1307 4605; x_wconf 80' lang='grc'><strong><em>15,1</em></strong></span> <span class='ocrx_word' id='word_1_459' title='bbox 1332 4536 1436 4605; x_wconf 76' lang='grc' dir='ltr'><strong><em>Βιξίην</em></strong></span> <span class='ocrx_word' id='word_1_460' title='bbox 1453 4536 1499 4608; x_wconf 86' lang='grc' dir='ltr'><strong><em>ΑΙ</em></strong></span> 
     </span>
     <span class='ocr_line' id='line_1_45' title="bbox 196 4615 1501 4689; baseline 0 -20"><span class='ocrx_word' id='word_1_461' title='bbox 196 4622 211 4669; x_wconf 86' lang='grc'>2</span> <span class='ocrx_word' id='word_1_462' title='bbox 230 4618 316 4689; x_wconf 81' lang='grc' dir='ltr'><strong><em>ταότγ</em></strong></span> <span class='ocrx_word' id='word_1_463' title='bbox 335 4618 360 4670; x_wconf 89' lang='grc' dir='ltr'><strong>Α</strong></span> <span class='ocrx_word' id='word_1_464' title='bbox 385 4619 389 4687; x_wconf 92' lang='grc' dir='ltr'>Ι</span> <span class='ocrx_word' id='word_1_465' title='bbox 415 4618 502 4672; x_wconf 79' lang='grc' dir='ltr'><strong><em>αυτοῦ</em></strong></span> <span class='ocrx_word' id='word_1_466' title='bbox 521 4618 551 4671; x_wconf 93' lang='grc' dir='ltr'><strong>Μ</strong></span> <span class='ocrx_word' id='word_1_467' title='bbox 575 4621 579 4688; x_wconf 90' lang='grc' dir='ltr'>Ι</span> <span class='ocrx_word' id='word_1_468' title='bbox 605 4624 625 4672; x_wconf 80' lang='lat'><strong><em>3·</em></strong></span> <span class='ocrx_word' id='word_1_469' title='bbox 640 4615 855 4688; x_wconf 80' lang='grc' dir='ltr'><strong><em>ἀπεωριομένων</em></strong></span> <span class='ocrx_word' id='word_1_470' title='bbox 873 4618 898 4671; x_wconf 93' lang='lat' dir='ltr'>A</span> <span class='ocrx_word' id='word_1_471' title='bbox 922 4616 1135 4688; x_wconf 78' lang='grc' dir='ltr'><strong><em>άπεὼριομένων</em></strong></span> <span class='ocrx_word' id='word_1_472' title='bbox 1153 4617 1183 4670; x_wconf 90' lang='grc' dir='ltr'><strong>Μ</strong></span> <span class='ocrx_word' id='word_1_473' title='bbox 1202 4633 1270 4670; x_wconf 87' lang='lat' dir='ltr'>corr.</span> <span class='ocrx_word' id='word_1_474' title='bbox 1289 4615 1395 4670; x_wconf 79' lang='lat' dir='ltr'>Usener</span> <span class='ocrx_word' id='word_1_475' title='bbox 1419 4619 1424 4686; x_wconf 90' lang='grc' dir='ltr'>Ι</span> <span class='ocrx_word' id='word_1_476' title='bbox 1448 4615 1501 4685; x_wconf 86' lang='grc' dir='ltr'><strong><em>πή-</em></strong></span> 
     </span>
     <span class='ocr_line' id='line_1_46' title="bbox 196 4697 575 4768; baseline 0.005 -18"><span class='ocrx_word' id='word_1_477' title='bbox 196 4715 264 4766; x_wconf 81' lang='grc' dir='ltr'><strong><em>χεως</em></strong></span> <span class='ocrx_word' id='word_1_478' title='bbox 282 4698 305 4749; x_wconf 88' lang='grc' dir='ltr'><strong>Α</strong></span> <span class='ocrx_word' id='word_1_479' title='bbox 321 4701 325 4768; x_wconf 97' lang='grc' dir='ltr'>Ι</span> <span class='ocrx_word' id='word_1_480' title='bbox 342 4703 357 4750; x_wconf 81' lang='grc'>6</span> <span class='ocrx_word' id='word_1_481' title='bbox 377 4697 497 4768; x_wconf 85' lang='grc' dir='ltr'><strong><em>έννάτην</em></strong></span> <span class='ocrx_word' id='word_1_482' title='bbox 515 4697 575 4752; x_wconf 86' lang='grc' dir='ltr'><strong><em>ΑΜ</em></strong></span> 
     </span>
    </p>
   </div>
   <div class='ocr_carea' id='block_1_4' title="bbox 0 0 1780 5317">
    <p class='ocr_par' dir='ltr' id='par_1_7' title="bbox 0 0 1780 5317">
     <span class='ocr_line' id='line_1_47' title="bbox 0 0 1780 5317; baseline 0 0"><span class='ocrx_word' id='word_1_483' title='bbox 0 0 1780 5317; x_wconf 95' lang='lat' dir='ltr'><strong><em> </em></strong></span> 
     </span>
    </p>
   </div>
  </div>
 </body>
</html>
