3550 5317
642 344 683 397 De
702 342 882 398 incubatione
902 343 1062 397 christiana.
1462 347 1505 411 85

199 505 254 571 καὶ
274 516 342 572 τῶν
360 506 466 590 ἁγίων
479 508 499 592 ἡ
514 508 609 595 χάρις
623 509 784 592 ἠβούλετο
798 505 850 590 56,
865 507 996 572 3628Β.
1016 507 1053 572 cf.
1073 508 1125 590 62,
1139 507 1379 592 36400-41,
1388 508 1506 573 35810

198 605 377 669 retardatur
407 607 543 688 curati0‚'
568 629 631 690 quo
659 605 767 690 plures
800 606 884 670 inter
911 606 1058 671 homines
1092 606 1288 691 divulgetur:
1316 609 1439 691 χρόνον
1470 604 1507 672 δὲ

198 705 326 789 βραχὺν
350 702 585 787 ἀναμείναντες
608 703 648 768 οὐ
672 704 733 787 τὴν
756 707 940 790 θεραπείαν
963 707 1204 788 σκεπτόμενοι,
1221 701 1294 769 ἀλλ’
1320 704 1377 768 ἵνα
1400 705 1444 788 μὴ
1467 705 1505 770 τὸ

197 810 329 866 τοιοῦτο
359 814 494 888 πράγμα
516 803 708 886 θανμάσιον
731 803 777 878 είς
802 801 936 884 ὀλίγους
963 803 1082 888 κομιδῇ
1110 799 1165 867 καὶ
1193 805 1270 866 λίαν
1297 800 1507 886 ἀριθμουμέ-

196 923 277 974 νονς
291 897 456 983 ἀφίκοιτο,
476 898 720 985 ἐμφανέστερον
739 895 777 964 δέ
795 905 922 982 μᾶλλον
941 909 1011 976 τοῖς
1028 902 1158 964 πλείοσι
1176 897 1231 963 καὶ
1250 899 1507 985 γνωριμώτερον

198 994 337 1077 γένοιτο.
384 995 467 1062 Sunt
490 998 546 1082 qui
569 997 700 1062 omnino
724 998 845 1061 frustra
868 1001 1053 1081 exspectent
1076 997 1289 1080 sanationem,
1317 997 1402 1061 inter
1425 1019 1506 1081 quos

197 1091 348 1158 Nemesio
373 1094 427 1160 ille
451 1117 562 1160 caecus
585 1095 768 1180 astrologos
792 1098 929 1180 secutus,
953 1096 1043 1159 cuius
1067 1094 1215 1160 manibus
1242 1094 1403 1178 impositis
1426 1095 1506 1158 alter

200 1212 312 1256 caecus
335 1193 464 1258 nomine
487 1193 645 1258 Photinus
668 1194 773 1259 risum
796 1194 911 1277 recipit
934 1190 1002 1280 (28,
1016 1191 1104 1258 3505
1115 1191 1204 1280 ΟγΒ)
1222 1191 1275 1256 vel
1288 1189 1435 1277 Agapius
1453 1215 1507 1276 pa-

198 1311 300 1374 ganus
323 1291 519 1374 paralyticus
542 1315 561 1356 a
584 1293 737 1357 daemone
761 1295 935 1375 correptus,
959 1291 1015 1373 qni
1039 1291 1115 1355 dum
1139 1291 1271 1354 domum
1299 1290 1435 1374 denique
1459 1313 1506 1354 re

195 1392 342 1470 portatur
364 1393 501 1453 mortem
529 1390 599 1453 obit
626 1387 693 1476 (32,
708 1387 750 1452 35
759 1390 801 1452 29
811 1387 863 1475 B).
911 1386 1092 1471 Stephanus
1121 1386 1252 1471 quidam
1275 1386 1449 1451 Theodosii
1474 1392 1506 1451 et

198 1483 307 1550 Severi
330 1490 469 1550 sectator
492 1487 593 1552 oculis
618 1490 730 1570 captus
754 1508 832 1550 cena
859 1486 1031 1549 Dominiea
1059 1485 1234 1549 secundum
1266 1485 1433 1549 ecclesiam
1457 1508 1505 1550 ca

193 1582 347 1647 tholioam
370 1588 498 1668 sumpta
522 1589 659 1649 sanatur.
707 1583 787 1648 Cum
810 1606 885 1648 vero
909 1607 929 1647 a
951 1584 1101 1648 ministro
1125 1584 1351 1669 interrogatus,
1373 1605 1451 1648 num
1470 1585 1505 1648 in

193 1679 253 1744 hac
276 1681 338 1744 fide
361 1703 564 1764 perseverare
587 1681 694 1766 vellet,
718 1681 804 1745 domi
829 1703 863 1744 se
885 1682 1023 1763 pristina
1047 1681 1198 1766 dogmata
1227 1703 1295 1745 esse
1320 1685 1503 1745 secuturum

195 1779 418 1862 responderet,
441 1803 460 1844 a
487 1780 682 1864 martyribus
710 1783 745 1842 ut
773 1779 896 1843 balneis
923 1783 1067 1843 uteretur
1094 1780 1278 1844 admonitus
1307 1801 1388 1862 quae
1416 1803 1503 1844 man-

193 1875 345 1941 daverant
366 1878 516 1961 perfectis
540 1878 643 1943 denuc
666 1879 739 1942 visu
761 1878 914 1961 privatur.
947 1877 986 1942 οί.
1005 1878 1057 1961 38,
1072 1875 1206 1960 3568ί9.

280 1973 427 2039 Alterum
450 1999 508 2060 pro
532 1976 633 2040 altero
657 1975 807 2039 incubare
830 1998 926 2059 posse
950 1975 1116 2040 nonnullis
1135 1975 1314 2040 declaratur
1333 1977 1501 2060 exemplis:
1555 2050 1559 2060 ¹

191 2074 286 2136 matri
318 2073 494 2138 remedium
526 2075 700 2157 indicatur,
733 2096 797 2157 quo
830 2072 899 2137 filia
931 2077 1061 2137 sanetur
1094 2073 1149 2156 10,
1164 2074 1260 2138 3449.
1310 2073 1501 2139 Parentibus

194 2168 453 2254 Serapammonis
490 2173 614 2257 aegroti
650 2175 816 2255 apparent:
849 2180 947 2236 τοῦτο
980 2169 1051 2235 κατ’
1096 2172 1178 2255 ὄναρ
1217 2173 1382 2255 εἰρηκότες
1418 2182 1502 2248 τοῖς

191 2269 368 2351 φύσασιν
404 2269 461 2353 22,
480 2267 567 2332 3485
578 2266 611 2332 0.
669 2267 766 2332 Matri
802 2290 861 2351 pro
898 2267 966 2332 filio
1010 2268 1176 2332 incubanti
1213 2268 1363 2332 videntur
1399 2271 1501 2332 sancti

191 2364 242 2448 34,
258 2364 353 2430 3540.
387 2363 504 2453 ἑτέρῳ
527 2363 608 2430 τινὶ
631 2377 698 2429 τῶν
726 2363 965 2430 ἀσθενούντων
992 2365 1148 2449 ἀδελφῶν
1178 2367 1260 2450 ὄναρ
1289 2364 1445 2442 ἐλθόντες
1468 2369 1501 2431 ολ

189 2465 293 2546 ἀγιοι·
317 2460 397 2548 εἰπέ,
421 2467 513 2547 φασί,
537 2472 576 2549 τῇ
599 2463 711 2548 doctor]
735 2463 837 2550 ταύτῃ
860 2467 1044 2549 μοναστρίμ
1066 2514 1072 2527 .
1095 2515 1101 2527 .
1121 2513 1129 2527 .
1149 2462 1167 2528 ὁ
1191 2459 1229 2528 δὲ
1250 2466 1423 2549 θεωρήσας
1441 2465 1501 2528 τὸν

70 2623 72 2628 .
190 2563 323 2646 ὄνειρον
346 2570 385 2647 τῇ
409 2562 554 2646 νοσούσῃ
578 2569 698 2626 τοῦτον
721 2558 794 2644 μεθ’
823 2560 933 2625 ὄπνον
960 2561 1178 2645 ἀπήγγειλεν,
1205 2562 1250 2638 ὡς
1277 2563 1310 2626 ολ
1337 2562 1500 2649 μάρτυρες

189 2658 279 2747 αὐτῷ
303 2659 492 2738 διετάξαντο
520 2659 573 2743 44,
588 2657 718 2725 3592Β.
730 2656 762 2722 0.
786 2657 947 2742 φανέντες
970 2660 1034 2743 γὰρ
1063 2668 1107 2744 τῇ
1136 2658 1253 2744 μητρὶ
1283 2667 1343 2724 τοῦ
1370 2660 1499 2743 παιδός,

189 2758 233 2833 ὡς
266 2757 462 2841 ἐκάθενδεν,
494 2765 615 2822 τοῦτον
645 2760 783 2842 χρίειν.
808 2755 1092 2841 ..προσέταττον
1124 2755 1176 2838 54,
1198 2756 1287 2821 3624
1298 2755 1330 2821 O.
1384 2754 1499 2821 Ioanni

189 2855 323 2919 diacono
356 2878 413 2938 per
444 2877 593 2919 somnum
625 2854 784 2938 imperant
815 2858 986 2938 martyres,
1021 2857 1057 2918 ut
1092 2858 1260 2938 aegrotum
1293 2853 1498 2918 Theodorum

189 2952 346 3036 Byzantio
374 2953 408 3016 in
435 2952 592 3037 templum
620 2973 714 3015 suum
742 2954 894 3016 arcessat:
912 2949 1053 3035 Ἰωάνην
1080 2951 1141 3015 τὸν
1166 2952 1326 3016 διάκονον
1349 3003 1355 3015 .
1379 3001 1386 3015 .
1411 3004 1417 3015 .
1441 2953 1498 3036 δη-

189 3054 272 3116 λοῦν
309 3051 398 3137 αὐτῷ
437 3049 481 3115 δι’
523 3049 691 3115 ἐνυπνίων
726 3050 952 3136 παρώτρυναν
983 3050 1027 3125 ὡς
1060 3048 1182 3125 αὐτούς
1211 3048 1325 3114 ἐλθεῖν
1352 3048 1406 3114 καλ
1435 3067 1497 3114 σω-

188 3153 306 3234 τηρίαν
338 3152 531 3233 κομίζεσθαι
565 3148 621 3230 60,
636 3147 723 3211 3636
733 3148 770 3212 Β.
811 3149 843 3212 οἱ
878 3143 916 3212 δὲ
950 3148 1114 3233 μάρτυρες
1145 3148 1265 3224 νυκτὸς
1296 3147 1494 3232 ἀφικόμενοι

187 3256 233 3334 τῷ
264 3243 325 3331 μὲν
357 3249 521 3333 οἰκονόμῳ
553 3245 754 3310 καθεύδοντι
787 3247 848 3328 τὴν
881 3247 1029 3331 ἰατρείαν
1061 3243 1236 3310 έπέταττον
1274 3243 1346 3329 (pro
1379 3243 1494 3331 altero)

187 3343 239 3428 67,
254 3342 341 3407 3656
352 3344 388 3408 Β.

275 3438 442 3525 Apparent
465 3443 566 3505 sancti
590 3442 686 3505 etiam
710 3444 801 3506 extra
824 3440 990 3505 ecclesiam
1014 3463 1116 3505 suam:
1146 3439 1340 3526 defatigatus
1364 3441 1495 3524 quidam

187 3542 337 3623 aegrotus
364 3541 446 3603 κατὰ
473 3540 533 3603 τὸν
560 3537 620 3617 ἔξω
649 3547 705 3622 τῆς
736 3537 909 3622 ἐκκλησίας
938 3539 1098 3623 ἀνεκλίθη
1127 3542 1307 3624 περίβολον
1336 3590 1342 3601 .
1367 3590 1373 3601 .
1398 3590 1404 3602 .
1429 3538 1495 3603 ἐκεῖ

186 3632 223 3700 δὲ
245 3645 355 3700 πᾶσαν
377 3638 438 3720 τὴν
465 3637 569 3701 νύκτα
592 3637 680 3722 αύτῷ
703 3638 950 3720 καθευδήσαντι
972 3635 1041 3701 κατ’
1070 3638 1152 3720 ὄναρ
1177 3687 1183 3699 .
1208 3688 1214 3699 .
1240 3687 1246 3700 .
1274 3639 1492 3720 παρίστανται

186 3735 349 3820 μάρτυρες
375 3735 425 3819 14,
440 3733 526 3798 3468
537 3731 575 3798 Α.
613 3732 725 3798 Ioanni
749 3737 822 3798 ante
844 3734 1002 3818 templum
1027 3734 1198 3798 dormienti
1222 3737 1294 3797 octo
1320 3733 1411 3797 annis
1435 3732 1494 3795 ibi-

186 3832 257 3895 dem
280 3832 417 3915 peractis
440 3832 605 3896 videntur:
630 3832 818 3909 έπιστάντες
842 3842 927 3917 γοῦν
950 3833 1039 3920 αὐτῷ
1070 3834 1205 3914 νυκτός,
1229 3831 1272 3906 ὡς
1301 3829 1493 3915 έκάθενδεν,

187 3931 247 4012 τὴν
270 3929 388 4012 ὑγείαν
410 3929 591 4016 παρέχουσι
615 3930 667 4014 69,
682 3930 817 3994 36610.
856 3928 995 4016 (taorgio
1023 3930 1057 3993 in
1083 3928 1197 4012 templi
1224 3928 1350 3992 latrinis
1379 3949 1491 3992 somno

186 4048 340 4109 oppresso
364 4049 398 4092 se
422 4029 561 4093 offerunt
588 4032 783 4112 monentque
807 4051 894 4112 eum,
917 4032 954 4091 ut
977 4028 1011 4091 in
1039 4027 1222 4090 stramentis
1251 4027 1317 4090 suis
1340 4027 1491 4112 dormiat3

185 4130 236 4190 ter
257 4127 400 4191 monitus
423 4126 594 4192 ἀνίσταται
617 4126 672 4192 καὶ
696 4126 876 4210 ἀλλόμενος
899 4124 999 4203 ἔξεισι
1023 4124 1126 4189 ἐκεῖσε
1155 4127 1353 4203 καταλείψας
1376 4127 1413 4190 τὸ
1436 4127 1491 4189 νό-

186 4241 272 4308 σημα
299 4222 352 4306 56,
367 4222 453 4286 3628
463 4223 502 4288 D.
552 4223 720 4289 Theodoro
754 4222 968 4287 Alexandriae
996 4222 1031 4286 in
1060 4221 1233 4306 Tetrapylo
1262 4219 1340 4308 (quo
1372 4223 1490 4285 missus

185 4325 253 4390 erat
280 4344 299 4385 a
327 4321 458 4403 sanctis,
486 4344 515 4385 v.
534 4321 555 4386 l.
575 4344 598 4386 s.
618 4320 655 4386 0:
684 4327 814 4387 εἴσελθε
841 4329 926 4404 γοῦν
954 4320 1001 4396 είς
1023 4318 1275 4404 Ἀλεξάνδρειαν
1301 4316 1355 4383 καὶ
1385 4317 1421 4381 έν
1443 4327 1490 4404 τῷ

185 4419 315 4506 μεγάλφ
347 4419 538 4505 τετραπύλφ
568 4428 682 4502 νῆστις
712 4419 765 4504 [cf.
795 4442 825 4503 p.
847 4419 888 4480 14
898 4417 959 4502 sq.]
994 4416 1219 4504 καθεύδησον)
1254 4438 1311 4501 per
1341 4436 1489 4479 somnum

185 4519 352 4603 apparent:
376 4518 472 4599 ἀφνω
496 4515 656 4600 φανέντες
679 4518 711 4582 οἱ
733 4518 898 4601 μάρτυρες
922 4521 989 4580 κτλ.
1013 4515 1065 4599 36,
1079 4514 1167 4579 3560
1176 4514 1216 4578 Ι).
1262 4512 1488 4605 Christodorus

186 4616 219 4677 in
242 4615 363 4679 Mareia
386 4617 500 4699 stagno
524 4637 581 4698 per
603 4618 826 4699 tempestatem
853 4612 1052 4697 periclitatus
1079 4616 1235 4694 martyres
1265 4609 1431 4674 adorabat:
1455 4610 1491 4673 οί

187 4708 224 4776 δὲ
247 4721 303 4796 τῆς
327 4713 463 4788 ίκετείας
485 4711 686 4789 ἀκούσαντες
708 4718 835 4777 θᾶττον
858 4709 1053 4795 ἐπέστησαν·
1082 4717 1185 4797 εἴργει
1207 4711 1270 4795 γὰρ
1294 4707 1405 4772 αὐτῶν
1427 4707 1487 4790 τὴν
