3550 5317
709 1403 977 1482 Praefatio

282 1703 474 1769 Encomium
509 1705 542 1768 in
572 1703 726 1769 miracula
761 1727 784 1768 s.
814 1703 1059 1790 hieromartyris
1094 1706 1308 1790 Therapontis
1343 1708 1376 1771 in
1408 1706 1501 1773 Actis

195 1805 379 1866 sanctorum
389 1802 461 1866 mai.
477 1806 499 1866 t.
510 1800 558 1865 VI
571 1825 601 1886 p.
613 1801 788 1866 682-692
806 1825 823 1866 6
838 1803 906 1868 cod.
915 1803 1131 1869 Laurentiano
1147 1801 1242 1891 (plut.
1253 1803 1358 1892 9,14).
1369 1804 1502 1870 saecXI

193 1899 315 1983 publici
339 1900 418 1964 iuris
442 1901 563 1964 factum
592 1899 695 1964 denuo
724 1899 847 1964 edimus
874 1901 908 1964 in
936 1901 1032 1966 huius
1060 1901 1164 1966 libelli
1191 1902 1374 1986 appendice.
1419 1902 1503 1968 Nam

196 2019 268 2061 cum
290 1996 448 2062 Actorum
478 2002 586 2062 textus
614 1997 813 2063 miserrimus
842 1997 898 2084 sit,
925 1997 1129 2086 itacismis1),
1154 1992 1248 2064 'falsis
1276 1999 1503 2087 accentibus2),

196 2094 329 2178 syllabis
352 2117 519 2180 perperam
543 2093 742 2183 diremptis³)
766 2095 845 2160 adeo
869 2096 1070 2183 depravatus,
1093 2101 1130 2160 ut
1153 2118 1395 2181 nonnumquam
1418 2099 1503 2162 codi-

195 2214 262 2256 cem
282 2192 387 2277 plane
417 2193 612 2277 descriptum
643 2215 711 2257 esse
740 2196 848 2278 putes,
883 2197 954 2257 tum
983 2193 1121 2277 alterum
1149 2216 1322 2278 possumus
1351 2195 1503 2259 adhibere

136 2338 138 2342 ι
196 2311 276 2354 saec.
295 2288 358 2355 XII
382 2289 523 2354 codicem
545 2290 784 2355 Messanensem
807 2291 850 2354 29
876 2289 933 2377 (=
947 2290 996 2379 M)
1025 2291 1130 2356 adhuc
1151 2292 1347 2377 neglectum,
1374 2293 1410 2357 in
1439 2315 1503 2377 quo

195 2387 279 2452 idem
307 2387 519 2472 Therapontis
550 2387 729 2453 encomium
763 2388 912 2454 nonnihil
945 2411 1021 2454 sane
1051 2388 1211 2454 variatum
1242 2394 1356 2455 exstat.
1404 2389 1503 2456 Cuius

196 2486 378 2570 exemplum
414 2508 433 2549 a
464 2485 686 2551 Maximiliano
722 2486 850 2551 Bonnet
887 2487 1104 2552 curiosissime
1140 2486 1336 2571 descriptum
1367 2486 1504 2552 Useneri

197 2584 296 2648 debeo
320 2583 522 2669 benignitati.
561 2583 631 2660 Quo
655 2584 763 2648 codice
786 2606 870 2649 novo
895 2589 1052 2668 quantum
1070 2584 1259 2650 adiuvemur
1277 2607 1316 2650 ex
1335 2607 1372 2650 eo
1392 2586 1504 2671 elucet,

196 2681 283 2765 quod
315 2681 480 2768 octoginta
510 2683 577 2746 fere
613 2681 692 2746 locis
724 2681 940 2747 Laurentiano
979 2686 1047 2747 erat
1081 2683 1334 2768 praeponendus.
1388 2683 1502 2750 Nihilo

196 2779 302 2842 minus
330 2779 392 2843 hoc
419 2776 576 2844 Actorum
607 2779 715 2845 codice
743 2777 800 2864 (=
814 2777 859 2866 A)
893 2780 1048 2844 utendum
1081 2785 1131 2844 est
1162 2781 1385 2866 fundamento,
1418 2783 1504 2866 quod

197 2879 381 2959 comparato
405 2897 477 2940 oum
502 2899 538 2940 eo
561 2876 759 2941 Messanensi
783 2876 875 2941 facile
898 2878 1094 2962 probaveris.

287 2972 500 3038 Consentiunt
514 2975 597 3038 inter
612 2996 646 3038 se
659 2973 690 3039 A
704 2978 736 3038 et
750 2973 785 3038 M
804 2976 945 3059 exceptis
959 2976 1055 3040 rebus
1075 2976 1209 3041 minutis
1223 2977 1297 3041 inde
1315 2999 1334 3040 a
1353 2998 1378 3041 c.
1399 2977 1450 3061 10,
1460 2977 1504 3040 20

197 3093 298 3157 usque
322 3072 361 3136 ad
381 3071 539 3156 6.28,14,
562 3069 592 3135 h.
613 3094 637 3136 e.
657 3072 690 3135 in
709 3071 937 3139 miraculorum
957 3074 1159 3138 enarratione
1178 3078 1210 3138 et
1230 3074 1367 3160 epilogo.
1404 3073 1504 3138 Ante-

197 3172 313 3235 cedunt
336 3169 369 3233 in
389 3167 424 3234 M
443 3191 524 3254 quae
547 3170 607 3234 sub
626 3170 728 3255 ipsius
748 3171 885 3235 encomii
903 3175 996 3236 textu
1015 3194 1159 3236 seorsum
1178 3172 1359 3236 addidimus
1379 3170 1436 3258 (=
1445 3171 1503 3259 Ε),

198 3290 335 3350 quorum
357 3267 458 3331 altera
479 3289 554 3352 pars
579 3266 621 3354 (v.
641 3265 786 3354 22-40)
811 3291 828 3332 6
851 3289 895 3333 oc.
920 3269 1030 3334 6-10
1053 3274 1202 3354 excerpta
1225 3274 1288 3352 est,
1310 3270 1399 3354 prior
1426 3292 1502 3334 vero

198 3364 241 3452 (v.
257 3363 389 3452 1-21),
413 3365 472 3430 etsi
497 3387 569 3430 cum
593 3386 635 3430 66.
657 3364 742 3429 1-5
760 3366 911 3430 nonnihil
929 3366 1090 3432 discordat
1113 3365 1167 3455 (cf.
1186 3391 1216 3453 p.
1238 3366 1317 3455 104)
1340 3372 1438 3453 atque
1461 3368 1501 3431 iis

291 3611 317 3680 1)
337 3607 483 3664 61161161
502 3611 574 3680 (1,1)
592 3615 738 3673 naudaeus
756 3613 792 3680 (1,
807 3612 833 3680 6)
852 3610 983 3686 πορθμίῳ
1002 3615 1038 3683 (8,
1053 3613 1079 3681 2)
1099 3612 1277 3681 §advocabo
1295 3614 1331 3682 (9,
1347 3614 1373 3681 1)
1391 3611 1504 3680 &verpil-

199 3695 305 3748 6616061
325 3693 359 3761 (9,
375 3693 402 3760 8)
420 3691 575 3762 πρεσβήτου
595 3695 647 3761 (11,
664 3693 689 3760 7)
708 3689 872 3762 coemistis]
893 3699 946 3762 (12,
963 3694 988 3761 7)
1008 3692 1170 3763 §portucale
1188 3695 1242 3761 (12,
1257 3693 1301 3760 16)
1323 3691 1426 3760 nocebo
1443 3690 1504 3762 (ib.)

198 3773 284 3842 ὑγιεὶς
309 3771 423 3841 (16,10)
457 3769 569 3840 §leuabo
593 3773 646 3841 (17,
665 3773 693 3842 4)
719 3771 853 3841 adcantus
875 3774 929 3842 (17,
944 3774 983 3843 6)1
1013 3771 1099 3842 opilia]
1124 3776 1176 3843 (20,
1196 3772 1222 3839 2)
1251 3767 1365 3841 ἐγεγόνη
1390 3773 1443 3842 (20,
1458 3771 1503 3840 20)

201 3852 335 3912 ἀλλιώσας
358 3854 411 3921 (22,
432 3851 475 3920 10)
504 3848 664 3920 Δημιτρίων
682 3855 736 3923 (28,
750 3851 776 3920 8)
801 3848 987 3922 Ἐλευσηνίων
1010 3852 1069 3923 (ib.)
1093 3848 1273 3920 Ἀρτεμησίων
1296 3850 1363 3921 (ib).
1392 3871 1414 3904 ω
1437 3853 1466 3904 61
1488 3870 1503 3905 o

200 3931 327 4000 confusa,
351 3931 429 3985 velut
451 3931 482 3984 in
504 3931 692 4001 decorabantur
711 3935 764 4003 (13,
780 3932 823 4001 10)
848 3933 1054 4001 προτιμώτερον
1072 3931 1185 4000 (13,11)
1213 3931 1367 4000 retardante
1391 3931 1503 4001 (19,17)

200 4008 280 4072 ὅπως
298 4012 351 4081 (27,
364 4012 391 4082 6)
410 4009 496 4080 luced
515 4015 569 4083 (28,
584 4013 610 4080 6)
634 4011 803 4080 ὀρθωὸόξων
822 4011 880 4084 (ib.)
900 4010 965 4066 61166
985 4011 1080 4082 (7,10)
1104 4009 1247 4080 daonium»
1261 4014 1297 4082 (9,
1312 4011 1338 4080 5)
1361 4010 1504 4080 ὑπολοφή-

200 4107 300 4152 ocutos
318 4092 371 4160 (12,
386 4091 412 4159 6)
440 4101 593 4160 comparum
612 4091 670 4163 (ib.)
697 4088 819 4161 ἀνεμόνη
839 4095 892 4162 (14,
908 4092 947 4159 7);
970 4109 986 4144 v
1008 4093 1038 4144 et
1054 4093 1094 4145 ’01
1124 4087 1249 4145 ἀπέλκει
1273 4095 1309 4161 (3,
1323 4091 1350 4161 6)
1377 4090 1504 4146 ἐνθαῦτα

201 4172 236 4240 (ὁ,
251 4171 322 4241 9)10)
342 4169 485 4241 tracturiae
504 4175 540 4242 (9,
556 4171 581 4241 1)
601 4171 706 4234 dubles
725 4175 760 4243 (9,
776 4173 802 4241 7)
821 4169 920 4226 &moos
938 4171 992 4239 (13,
1009 4172 1035 4239 7)
1053 4168 1221 4240 noviomum
1239 4171 1364 4241 (28,12);
1388 4173 1447 4224 ret
1460 4188 1503 4226 cv:

200 4248 350 4304 ἐκτετέλετο
375 4252 410 4320 (4,
425 4250 465 4318 8))
489 4250 643 4320 geminatio
665 4251 807 4322 neglecta:
831 4247 1057 4321 περιραντηρίοις
1075 4254 1110 4323 (4,
1125 4253 1168 4322 2),
1192 4250 1225 4304 cf.
1250 4249 1371 4324 saverico
1395 4254 1448 4322 (28,
1463 4251 1503 4319 2);

198 4351 216 4399 η
236 4346 286 4400 pro
306 4348 331 4384 c:
349 4327 406 4396 ἥξω
425 4333 479 4401 (25,
494 4331 533 4399 7),
553 4330 587 4385 cf.
608 4330 694 4385 etium
713 4333 941 4402 ζυγκακοπαθεῑν
960 4333 996 4402 (6,
1010 4331 1037 4399 8)
1057 4331 1233 4399 φυλάκτουσι
1251 4335 1305 4403 (12,
1321 4331 1346 4398 7)
1371 4333 1504 4399 modocie-

199 4417 253 4479 pob
283 4413 393 4480 26,13).

272 4413 368 4558 (2)61.
392 4507 442 4560 pro
461 4489 525 4544 aliis
548 4493 729 4546 uaoavoouca
757 4495 810 4564 (20,
826 4491 878 4564 2)3,
906 4492 981 4560 quod
1009 4491 1166 4560 explicatur
1196 4488 1376 4545 antecedenti
1404 4489 1503 4543 ἰδοῦσα

199 4575 242 4640 ao,
259 4571 284 4638 1)
305 4569 338 4623 16
357 4574 410 4642 (18,
426 4571 468 4640 11)
487 4572 598 4642 cussa
616 4575 669 4644 (16,
685 4573 720 4642 o).

288 4652 314 4721 3)
334 4651 367 4706 cf.
387 4651 422 4722 61)
441 4650 476 4706 τὰ
495 4654 589 4724 (7,10)
608 4653 645 4724 111)
665 4651 696 4707 δὲ
715 4656 769 4725 (20,
784 4652 837 4720 21).

252 4750 398 4806 Doctum,
412 4751 440 4791 de
454 4751 609 4796 incubatione.
1273 4744 1289 4794 8
