3550 5317
250 293 293 357 94
821 292 913 361 Caput
930 292 975 346 IV.

249 456 476 521 celeberrimus
504 455 546 520 sit
574 456 751 520 institutus.
797 455 929 520 Etenim
957 455 1152 520 monendum
1181 460 1230 520 661
1252 455 1375 521 cultum
1399 456 1492 520 illum
1516 457 1556 520 ab

250 555 383 620 ecclesia
407 551 656 639 Alexandrina1)
680 553 732 618 vel
755 554 864 637 potius
888 575 907 616 a
931 552 1053 638 Cyrillo
1077 555 1227 638 episcopo
1251 577 1289 618 ex
1312 554 1429 637 nihilo,
1451 558 1489 618 ut
1511 555 1557 619 ita

251 654 402 736 dicamus,
416 654 538 717 factum
553 675 630 716 esse.
667 651 717 716 Ex
737 651 785 734 iis,
806 673 886 734 quae
901 675 997 735 supra
1011 675 1041 735 p.
1052 651 1095 715 89
1103 674 1170 735 sqq.
1189 654 1295 717 fontes
1314 653 1415 717 secuti
1434 675 1557 717 enarra-

249 752 363 834 vimus,
386 752 447 814 hoc
472 750 600 834 quidem
624 751 701 814 satis
720 749 866 814 clarescit
888 750 923 813 in
940 750 1011 814 vico
1031 749 1195 814 Menuthis
1213 773 1375 836 paganum
1398 751 1556 834 quendam

250 849 411 913 exstitisse
441 848 579 931 cultum,
608 848 663 930 qui
692 846 842 911 ecclesiae
870 847 1061 912 christianae
1091 849 1231 912 maximo
1260 852 1327 912 erat
1356 849 1556 913 detrimento.

248 945 361 1029 Neque
386 947 471 1012 enim
491 945 596 1010 solum
616 969 632 1009 6
651 945 782 1030 regione
800 944 864 1030 illa,
883 946 940 1009 ubi
958 949 1136 1029 martyrum
1154 968 1221 1011 non
1243 947 1398 1010 haberent
1422 968 1556 1029 sacrum,

249 1045 397 1110 abierunt
411 1044 578 1108 christiani
587 1040 622 1130 ²),
638 1043 693 1107 sed
707 1043 770 1126 ipsi
786 1064 913 1126 quoque
927 1065 983 1127 666
1002 1044 1201 1127 recipiendae
1219 1044 1366 1108 sanitatis
1384 1043 1514 1128 pellecti
1529 1045 1555 1108 si

249 1143 370 1208 morbis
394 1143 533 1226 correpti
552 1144 651 1224 61661,
671 1141 709 1204 ad
728 1162 928 1226 paganorum
946 1140 1104 1224 templum
1123 1165 1157 1207 66
1176 1142 1390 1207 conferebant.
1432 1139 1492 1205 Oui
1509 1142 1556 1205 rei

250 1264 319 1306 eam
338 1244 466 1305 tantum
490 1239 647 1304 medelam
671 1238 778 1302 afferri
801 1259 897 1322 posse
920 1237 1056 1321 denique
1079 1239 1239 1304 intellexit
1263 1238 1411 1323 06111166,
1434 1243 1471 1303 ut
1494 1261 1553 1323 pro

250 1340 308 1403 deo
324 1338 450 1403 ethnico
467 1337 578 1403 eodem
591 1337 663 1401 1666
678 1336 927 1400 christianorum
941 1337 1163 1401 institueretur
1175 1341 1353 1420 martyrum
1368 1336 1482 1420 cultus,
1497 1337 1553 1419 qui

249 1437 361 1500 itidem
393 1436 462 1500 Deo
495 1441 604 1500 tamen
634 1435 780 1498 adiutore
813 1434 1025 1518 omnipotenti
1059 1455 1169 1499 sanare
1199 1439 1331 1517 possent
1363 1431 1553 1521 aegrotos3).

249 1535 362 1618 ltaque
386 1556 467 1618 opus
492 1539 559 1598 erat
582 1533 706 1616 aliquos
731 1554 881 1615 quaerere
901 1530 1099 1619 1661161664).
1141 1530 1248 1615 Atque
1272 1532 1395 1598 invenit
1415 1531 1555 1616 Cyrillus

250 1632 285 1695 in
308 1653 331 1695 s.
356 1629 571 1716 evangelistae
599 1629 700 1694 Marci
730 1651 819 1694 sacro
847 1628 1066 1696 Alexandrino
1095 1629 1231 1693 duorum
1259 1629 1461 1714 ‘martyrum'
1485 1628 1557 1692 reli·
1659 1717 1664 1724 ι

250 1729 341 1811 quies
364 1750 467 1811 neque
490 1750 566 1792 vero
590 1728 675 1792 inter
698 1749 731 1792 66
756 1727 917 1810 discretas,
941 1728 987 1791 ita
1005 1731 1041 1791 ut
1060 1728 1249 1792 coniunctae
1270 1731 1376 1792 666661
1394 1731 1557 1812 11666661-

249 1824 404 1913 16661665).
428 1826 585 1910 Martyres
600 1825 649 1890 illi
666 1824 761 1909 plane
780 1829 869 1890 erant
888 1825 1008 1910 ignoti:
1027 1847 1099 1890 oum
1117 1826 1250 1890 nomina
1268 1848 1378 1890 eorum
1397 1849 1416 1889 a
1435 1824 1555 1908 Cyrillo
1625 1844 1629 1850 ’

249 1925 283 1988 16
307 1928 449 1988 extrema
473 1923 616 1988 61611666
639 1923 742 2007 pridie
766 1923 834 1987 eius
858 1922 931 2007 diei,
955 1945 1017 2006 quo
1041 1923 1147 1987 cultus
1170 1922 1369 1988 sollemniter
1387 1923 1555 1988 institutus

249 2026 311 2105 cst,
340 2020 483 2108 11611161)
510 2021 631 2106 666616
663 2021 866 2085 nuntiantur:
893 2027 1073 2087 καλοῦνται
1105 2019 1143 2086 dt
1174 2026 1287 2108 Κῦρος
1318 2020 1373 2087 καὶ
1400 2020 1556 2105 Ἰωάννης

249 2117 554 2208 (8611111250),
577 2123 647 2183 tum
671 2119 790 2201 omnia,
820 2141 900 2202 quae
924 2120 963 2184 de
986 2142 1097 2184 eorum
1120 2119 1187 2184 vita
1210 2123 1242 2183 61
1264 2120 1421 2203 martyrio
1444 2122 1557 2203 666166

249 2215 459 2282 tradebantur
489 2239 632 2300 quaeque
656 2218 784 2301 scriptis
811 2241 841 2301 p.
861 2217 947 2301 89,7
977 2239 996 2280 6
1024 2217 1119 2282 nobis
1147 2218 1340 2282 enumeratis
1368 2217 1493 2300 insunt,
1517 2214 1557 2279 ad

250 2337 351 2379 unum
369 2319 538 2380 recurrunt
556 2314 768 2379 clarissimum
787 2315 880 2379 illum
900 2317 1086 2400 episcopum
1104 2313 1399 2403 Alexandrinuml).
1432 2314 1492 2380 Oui
1510 2313 1556 2378 rei

251 2412 457 2478 declarandae
494 2412 660 2499 egregium
697 2413 818 2478 accedit
855 2414 1078 2479 testimonium
1110 2415 1144 2479 16
1183 2412 1357 2498 Sophronii
1393 2412 1556 2477 miraculis

249 2511 343 2575 nobis
377 2515 538 2576 servatum
577 2509 647 2598 (29,
668 2509 755 2574 3508
766 2509 840 2598 sq.):
878 2511 1056 2576 Athanasia
1088 2511 1242 2594 quaedam
1274 2513 1322 2588 είς
1353 2515 1471 2596 Κῦρον
1501 2509 1556 2574 καὶ

251 2609 405 2691 Ιωάννην
427 2611 541 2673 πίστιν
563 2608 624 2673 οὐκ
654 2611 775 2692 ἔχουσα
805 2660 812 2675 .
836 2659 843 2674 .
867 2611 989 2686 αὐτοὺς
1016 2607 1182 2697 ἐκωμςάόει
1206 2612 1408 2695 συχνότερον
1430 2607 1485 2673 παὶ
1508 2608 1552 2692 μὴ

249 2703 334 2772 εἶναι
361 2705 530 2792 μάρτυρας
557 2709 669 2788 ἔλεγεν
696 2703 779 2790 μηδὲ
806 2709 862 2772 διά
890 2708 1038 2793 Χριστὸν
1063 2705 1247 2790 ἠθληαέναι
1274 2706 1294 2790 ἢ
1327 2714 1451 2772 παθεῖν
1479 2705 1555 2770 άπε-

249 2806 387 2888 φήνατο,
411 2803 429 2868 ὃ
452 2812 509 2888 τῆς
533 2801 669 2887 ἐσχάτης
692 2803 782 2869 ἐστὶν
805 2805 1011 2888 ἀθλιότητος.
1035 2811 1099 2869 είτε
1122 2800 1160 2868 δὲ
1185 2806 1294 2890 πλάνη
1322 2803 1390 2869 τινὶ
1418 2828 1556 2890 κρατου-

249 2901 331 2987 μένη
353 2901 408 2966 καὶ
432 2903 603 2986 φάσμασιν
620 2900 827 2986 Ἑλληνικοῖς
849 2902 1077 2968 ὑποαλίνουσα
1100 2902 1187 2967 οὕτω
1210 2905 1290 2979 τοὺς
1308 2901 1424 2985 ἁγίους
1447 2901 1556 2967 διέσυ-

249 3025 322 3087 ρεν,
353 3007 418 3066 είτε
448 2997 485 3064 δὲ
518 3001 641 3085 φρενὸς
672 2999 727 3065 καὶ
758 3003 897 3087 καρδίας
924 3001 1081 3085 ἁπλότητι
1115 3001 1171 3066 διὰ
1202 3001 1239 3065 τὸ
1276 3001 1325 3084 μη
1362 2999 1555 3086 φέρεσθαι

249 3101 405 3185 γραφὴν
427 3099 495 3180 την
517 3093 614 3183 ὑπὲρ
634 3102 807 3184 Χριστοῦ
830 3097 895 3163 καὶ
917 3100 987 3182 τὴν
1006 3102 1227 3184 μαρτυρίαν
1249 3098 1343 3181 ἡμῖν
1361 3095 1555 3180 άπαγγέλ-

249 3203 411 3280 λουσαν,
434 3198 559 3280 μόνην
581 3191 624 3259 dt
646 3205 763 3261 τοῦτο
785 3201 883 3280 βοάν
910 3206 980 3261 τοῦ
1003 3199 1207 3282 Κυρίλλου
1235 3203 1303 3259 τοῦ
1326 3197 1443 3258 θείου
1465 3196 1556 3259 θεό-

248 3307 445 3359 ’πνευστον
479 3294 689 3377 σάλπιγγα,
722 3292 832 3377 λέγειν
867 3294 907 3360 οὐ
942 3295 1101 3378 δύναμαι·
1135 3293 1223 3375 πλὴν
1255 3290 1412 3378 ἑκάτερον
1441 3288 1556 3376 ἀσεβὲς

248 3391 303 3456 καὶ
327 3392 527 3456 ἀπαίδευτον
545 3440 553 3455 .
572 3440 580 3455 .
599 3439 606 3454 .
631 3393 659 3456 61
678 3393 741 3478 γάρ
760 3395 884 3478 μόνους
903 3395 1061 3476 σχοίημεν
1078 3391 1257 3478 μάρτυρας,
1276 3389 1335 3468 οὓς
1354 3389 1391 3455 ἐν
1408 3391 1556 3476 ὑπομνή-

343 3623 369 3691 1)
389 3620 577 3675 Oeconomum
596 3618 668 3674 sacri
688 3619 724 3673 ab
744 3619 874 3689 episcopo
894 3620 1085 3676 Alexandrino
1104 3621 1173 3691 eligi
1191 3639 1276 3692 supra
1294 3621 1449 3691 attigimus.

339 3705 365 3772 θ)
384 3699 509 3770 άπίησαν
528 3701 580 3770 γὰρ
596 3701 646 3754 οὐκ
662 3699 771 3770 ἔχοντες
784 3701 937 3769 μαρτύριον
953 3701 993 3764 εἰς
1007 3700 1117 3771 ἑτέρους
1130 3702 1210 3764 τινὰς
1223 3700 1327 3765 τόπους
1341 3703 1387 3771 Sp.
1402 3702 1434 3755 R.
1449 3701 1488 3754 IV
1502 3707 1554 3753 249

250 3781 290 3852 (in
310 3781 407 3850 cyrilli
426 3780 570 3850 61611666).

339 3864 365 3931 3)
384 3860 419 3914 τὰ
437 3858 505 3930 μέρη
521 3863 565 3932 (=
580 3861 668 3932 regio)
687 3869 775 3915 ταῦτα
794 3861 907 3931 ἔχρηζεν
925 3860 1029 3930 ἰατρῶν
1046 3859 1314 3930 θεραπευόντων
1333 3861 1390 3915 διὰ
1411 3859 1553 3914 966611).

339 3945 366 4010 4)
385 3940 434 3995 διὰ
452 3950 534 3995 τοῦτο
553 3939 713 4013 ἀναγκαίως
728 3941 894 4012 ἐζητήσαμεν
908 3939 996 4011 ἁγίων
1010 3942 1158 4011 μαρτύρων
1171 3939 1305 4010 λείψανα
1322 3939 1440 4009 εὕρομεν
1457 3937 1555 3996 τοίνυν

249 4021 286 4074 ib.
308 4019 448 4074 Sermonis
466 4020 583 4075 libertas
602 4021 763 4077 laudabilis.

339 4103 365 4176 6)
383 4099 421 4155 ib.
442 4105 501 4155 666.

340 4183 366 4251 6)
385 4179 419 4234 cf.
435 4180 481 4250 Sp.
496 4181 528 4234 R.
543 4181 582 4236 IV
596 4187 646 4237 241
663 4210 696 4229 =
711 4183 748 4236 M.
764 4187 832 4237 3689
842 4183 879 4237 A:
898 4182 950 4252 τὴν
967 4191 1023 4239 τῶν
1047 4190 1223 4252 μαρτνριιιῶν
1240 4179 1383 4251 λειψάνων
1406 4180 1555 4251 μετάθεσιν

249 4259 438 4332 ποιησάμενος
455 4261 504 4315 καὶ
522 4258 621 4330 λόγους
639 4264 754 4332 μικροὺς
772 4268 810 4336 τῷ
830 4261 995 4334 φιλοχρίστῳ
1018 4266 1076 4336 λαῷ
1099 4258 1180 4325 οὗτος
1201 4261 1483 4333 προσφθεγξάμενος,
1506 4261 1555 4324 οὓς

250 4343 299 4397 καὶ
321 4340 532 4410 παραθήσομεν.
570 4339 783 4412 9616666166,
810 4360 895 4412 quam
916 4360 1014 4398 vocem
1038 4343 1238 4414 interpolatam
1261 4360 1322 4398 esse
1345 4343 1403 4398 iam
1424 4343 1555 4413 neglecta

249 4421 358 4477 indicat
377 4421 504 4476 clausula
522 4420 706 4491 didactylica:
727 4423 760 4477 cf.
780 4423 945 4492 μετάθεσιν
963 4424 1208 4495 ποιησάμενος,
1227 4427 1289 4498 λαῷ
1311 4421 1554 4494 προσφθεγξά-

250 4522 363 4573 μενος,
386 4503 444 4557 καλ
462 4501 722 4572 παραθήσομεν.

340 4597 366 4663 7)
386 4593 418 4647 cf.
438 4592 490 4647 ib.:
510 4591 559 4646 διὰ
576 4600 626 4646 τοῦ
646 4591 708 4655 ἑνὸς
727 4591 901 4662 ἀμφοτέρους
924 4594 1063 4664 ὀνόματος
1080 4597 1145 4658 τοὺς
1163 4595 1215 4649 δίο
1234 4593 1376 4664 μάρτυρας
1394 4590 1520 4662 σημάνας
1539 4591 1554 4648 ὁ

250 4671 372 4744 άγγελος,
391 4674 431 4736 ὡς
450 4673 484 4728 ἐκ
503 4682 567 4729 τῶν
586 4671 753 4743 Κνρίλλου
771 4682 829 4728 τοῦ
846 4673 1018 4745 μακαρίον
1038 4674 1268 4748 δειχθήσεται.
