3550 5317
663 281 705 335 De
724 281 905 354 incubatIone
924 282 1085 336 christiana.
1485 287 1525 351 71

227 443 263 509 ἐν
285 442 381 510 νυκτὶ
405 444 561 528 λέγουσιν
580 446 610 530 3,
629 446 703 511 322.
740 449 918 530 φαίνονται
938 446 975 511 ἐν
992 448 1092 511 νυκτί
1108 448 1137 531 6,
1156 447 1230 512 336.
1267 445 1427 531 φανέντες
1444 448 1528 534 αὐτῇ

225 542 260 608 ἐν
284 541 423 629 ὀπτασίᾳ
447 544 529 608 κατά
552 545 588 609 τὸ
613 544 759 627 σύνηθες
782 543 896 620 αὐτοῖς
918 544 1182 630 προστάττουσιν
1205 544 1288 630 αύτῃ
1311 551 1378 612 κτλ.
1404 550 1433 629 8,
1448 547 1523 612 344.

221 640 370 725 Paganus
403 636 534 725 quidam
565 642 709 707 obsecrat
737 640 844 706 Iesum
872 641 1037 706 Christum
1069 641 1206 719 ἀξιῶσαι
1236 643 1337 723 αύτόν
1370 643 1527 722 ὀπτασίας

222 740 343 814 τινὸς.
429 741 584 823 εἰσῆλθεν
607 741 654 816 εἰς
677 741 735 805 τὸν
759 741 903 804 εἰωθότα
925 743 1029 804 τόπον
1051 748 1111 805 τοῦ
1138 739 1321 823 ἀγαγόντος
1348 741 1452 806 αὐτὸν
1475 741 1527 806 ε’ν-

222 843 333 901 ταῦθα
356 840 458 920 φίλου
482 837 595 921 αὐτοῦ,
619 837 655 902 ἐν
679 829 705 925 ᾦ
728 839 810 901 κατά
831 837 1044 922 παρασκευὴν
1065 835 1119 901 καὶ
1127 834 1152 924 1)
1177 836 1358 903 ἐκάθευδεν
1383 839 1433 924 10,
1452 839 1526 904 358.

222 934 399 999 καθεύδων
422 933 458 1000 ἐν
481 944 526 1022 τῷ
551 937 691 1019 συνήθει
720 937 810 1022 τόπῳ
836 944 897 1000 τοῦ
925 938 1164 1019 βαπτιστηρίου
1188 984 1195 999 .
1218 985 1226 1000 .
1250 987 1256 998 .
1279 935 1465 1022 τεθέαταιέ)
1490 937 1526 1002 ἐν

222 1030 363 1119 ὀπτασίᾳ
384 1032 427 1096 ib.
447 1032 521 1097 360.
544 1032 581 1099 ἐν
603 1031 739 1120 ταύτῃῧ)
762 1042 801 1118 τῃ
825 1033 965 1118 ὀπτασίᾳ
992 1030 1152 1116 φανέντες
1175 1031 1262 1120 αὐτῷ
1288 1082 1295 1099 .
1319 1084 1326 1096 .
1350 1083 1357 1098 .
1380 1035 1416 1098 oi
1436 1035 1526 1118 ἀγιοι

223 1129 265 1192 ib.
285 1130 359 1194 362.
388 1130 424 1195 ἐν
453 1128 557 1218 ἑαυτῷ
585 1127 622 1195 δὲ
654 1131 734 1215 μετά
761 1131 821 1194 τὸν
853 1129 962 1195 ύπνον
995 1132 1175 1214 γενόμενος
1202 1130 1221 1195 6
1250 1131 1312 1213 τὴν
1343 1131 1525 1219 φοβεράν4)

221 1227 382 1292 ὀπτασίαν
397 1227 520 1312 Ἕλλην
543 1224 781 1313 θεασάμενοςδ)
804 1225 859 1291 καὶ
878 1228 1012 1292 πάντων
1036 1220 1084 1291 ὧν
1103 1229 1175 1292 ἴδεν
1192 1226 1248 1292 καὶ
1265 1228 1440 1316 ἤκουσενθ)
1459 1229 1523 1294 ὑπὸ

220 1335 286 1388 τῶν
310 1325 415 1409 ἀγίων
438 1330 600 1411 μνησθείς
622 1331 690 1390 κτλ.
714 1326 756 1389 ih.
776 1325 849 1388 364.
873 1323 1063 1400 ἐπιστάντες
1086 1324 1175 1412 αύτῷ
1198 1334 1236 1410 τῃ
1263 1325 1401 1412 ἐπιούσῃ
1429 1330 1527 1392 νυκτί

222 1423 271 1506 11,
290 1423 364 1487 370.
396 1422 634 1507 ἐπιλαβομένης
656 1424 719 1508 γὰρ
742 1423 863 1498 νυκτὸς
886 1421 1076 1498 ἐπιστάντες
1098 1431 1138 1507 τῇ
1161 1425 1257 1508 κλίνῃ
1286 1423 1386 1506 αὐτῆς
1409 1422 1524 1506 λέγου-

220 1538 275 1584 σιν
299 1572 306 1584 .
330 1570 337 1584 .
362 1570 369 1584 .
392 1522 477 1604 γυνη
500 1522 581 1606 μετὰ
603 1522 663 1586 τὸν
690 1520 798 1585 ὕπνον
828 1519 996 1584 ἀναστᾶσα
1019 1568 1026 1582 .
1050 1568 1057 1582 .
1081 1569 1088 1583 .
1112 1520 1290 1603 φθασάσης
1319 1521 1382 1606 γάρ
1413 1519 1524 1607 ἐτέρας

219 1619 338 1694 νυκτὸς
361 1617 552 1695 ἐπιστάντες
574 1619 610 1682 ol
629 1626 689 1682 τοῦ
713 1623 860 1702 Χριστοῦ
882 1618 1139 1702 θεράποντες..
1159 1626 1242 1701 ,τῆς
1264 1614 1301 1682 dt
1324 1618 1361 1682 ἐν
1384 1618 1525 1705 ὀπτασίᾳ

219 1715 470 1801 ὀσφρανθείσης
497 1721 564 1782 κτλ.
590 1714 640 1800 16,
659 1716 725 1779 404
736 1737 803 1799 sqq.
850 1717 1029 1798 φαίνονται
1056 1714 1145 1802 αὐτῷ
1174 1714 1210 1781 ἐν
1237 1713 1333 1780 νυκτὶ
1360 1717 1456 1781 κατά
1482 1718 1524 1783 τὸ

218 1814 365 1889 εἰωθὸς
388 1812 502 1890 αὐτοῖς
527 1815 577 1898 18,
596 1813 671 1879 440.
695 1813 910 1889 ἐπιστάντες.
931 1864 937 1876 .
957 1861 964 1876 .
983 1812 1019 1876 ot
1039 1813 1127 1894 άγιοι
1150 1811 1227 1878 καθ’
1255 1812 1364 1878 ύπνον
1381 1814 1434 1899 23,
1448 1815 1522 1880 474.

219 1910 409 1988 ἐπιστάντες
433 1911 515 1998 αὐτῇ
539 1912 575 1976 ἐκ
598 1911 757 1997 δευτέρου
779 1920 819 1996 τῇ
848 1911 986 1996 ἐπιούσῃ
1010 1913 1109 1974 νυκτί
1129 1911 1182 1994 27,
1200 1908 1275 1976 504.
1307 1911 1402 1999 ύπνφ
1430 1936 1522 1977 κατε-

216 2007 348 2092 νεχθεὶς
370 2017 496 2095 θεωρεῖ
516 2013 594 2086 τοὺς
617 2009 734 2093 ἁγίους
757 2007 788 2095 (e
812 2009 880 2073 cod.
899 2004 1063 2093 vindob).

304 2115 504 2199 ἐφίστασθαι
526 2122 682 2201 martyres
707 2115 832 2200 saepius
852 2115 1003 2180 dIcuntur
1026 2112 1079 2200 (cf.
1099 2138 1195 2200 supra
1212 2139 1242 2199 p.
1264 2113 1335 2202 11):
1359 2117 1520 2200 μηδεμιᾶς

217 2213 444 2290 ἐπιστασίας
471 2214 561 2301 αὐτῷ
584 2263 592 2278 .
615 2263 622 2278 .
646 2263 653 2278 .
681 2212 861 2297 γενομένης
885 2214 914 2297 1,
933 2212 1007 2276 306.
1047 2224 1114 2277 τῶν
1141 2208 1178 2276 dt
1210 2213 1316 2295 άγίων
1339 2262 1346 2276 .
1370 2214 1522 2300 ..αύτῷ

216 2311 458 2376 ἐπιστάντων
482 2312 617 2376 16312.
655 2310 883 2386 ἐπιστάντες
907 2309 989 2394 αὐτῇ
1017 2310 1047 2393 2,
1066 2310 1141 2375 316.
1187 2312 1307 2387 οίτινες
1334 2315 1521 2395 φαντασίαν

216 2406 320 2492 φασὶν
342 2407 397 2474 καὶ
421 2409 482 2474 οὐκ
506 2408 738 2474 ἐπιστασίαν
760 2418 827 2473 τῶν
850 2406 960 2489 ἁγίων
980 2405 1131 2489 λέγοντες
1154 2403 1240 2473 εἶναι
1264 2409 1306 2472 ib.
1326 2409 1401 2474 318.
1439 2408 1520 2474 ἐπι-

215 2508 377 2583 στάντες
414 2507 502 2596 accpi
540 2508 591 2592 11,
609 2507 682 2570 370.
719 2505 754 2570 ἐκ
786 2502 934 2591 τρίτουῖ)
973 2503 1202 2582 ἐπιστάντες
1241 2505 1329 2593 αὐτῷ
1364 2507 1405 2570 ib.
1439 2506 1520 2572 ἐπι-

216 2606 376 2682 στάντες
390 2615 429 2690 τῃ
443 2609 540 2691 κλίνῃ
558 2606 607 2689 16,
621 2604 696 2668 404.
716 2601 945 2678 ἐπιστάντες
964 2602 1005 2665 ib.
1016 2602 1091 2666 406.
1107 2602 1228 2687 ἀηδίαν
1250 2612 1289 2688 τῃ
1314 2603 1520 2691 ἐπιστασίᾳ

170 2731 172 2740 s
214 2703 324 2766 αὐτῶν
362 2702 544 2787 ἐκούφισαν
582 2703 637 2787 18,
655 2701 730 2766 440.
768 2700 997 2777 ἐπιστάντες
1033 2709 1079 2787 τῷ
1118 2700 1220 2785 ἀνδρί
1253 2702 1399 2786 23474.
1438 2702 1519 2767 ἐπι-

216 2801 380 2876 στάντες
400 2800 482 2886 adep
506 2801 558 2883 27,
577 2800 652 2864 504.

302 2905 467 2974 Interdum
490 2907 592 2972 sancti
615 2929 681 2971 non
704 2907 767 2989 ipsi
795 2909 927 2991 aegroto
954 2905 1131 2969 remedium
1159 2905 1315 2989 indicant,
1342 2906 1398 2970 sed
1425 2907 1518 2971 alteri

213 3027 374 3088 personae,
399 3027 480 3088 quae
503 3005 538 3069 in
561 3005 672 3069 eodem
702 3004 824 3088 templo
853 3001 1037 3089 dormiat⁸):
1065 3006 1242 3087 φαίνονται
1270 3003 1308 3068 ἐν
1334 3009 1444 3088 νυκτί,
1472 3005 1518 3070 ού

345 3261 394 3314 καὶ
413 3277 465 3314 om.
485 3259 568 3314 Vind.
722 3262 749 3328 2)
768 3259 804 3320 ὡς
823 3257 931 3328 είρηται
950 3258 1013 3312 add.
1033 3257 1116 3312 Vind.
1297 3262 1323 3328 3)
1342 3260 1412 3330 αὐτῇ
1431 3259 1514 3315 Vind.

345 3349 449 3418 ταύτην
468 3348 531 3403 add.
551 3348 634 3404 Vind.
868 3351 894 3416 5)
912 3346 1089 3415 θεασάμενος
1100 3345 1202 3417 Ἕλλην
1220 3347 1303 3403 Vind.

348 3437 381 3490 cf.
405 3437 487 3491 Paus.
512 3437 612 3506 11139,
633 3443 673 3490 11.
711 3436 784 3490 Plut.
810 3436 844 3489 de
868 3453 930 3506 gen.
955 3436 1029 3490 Socr.
1045 3442 1077 3490 21
1101 3454 1128 3505 p.
1144 3441 1196 3490 590
1206 3437 1237 3490 Β.
1260 3437 1334 3491 Max.
1359 3436 1422 3506 Tyr.
1447 3436 1513 3492 diss.
1569 3515 1572 3519 ῃ

114 3583 117 3590 Ι
214 3522 256 3585 14,
271 3524 294 3571 2.
315 3519 351 3586 (v.
365 3535 391 3586 p.
409 3519 462 3586 10.)

302 3609 327 3676 ι)
346 3604 431 3661 πετο
450 3606 514 3660 aaa.
534 3605 616 3660 vinu.

302 3698 329 3765 8)
348 3695 390 3747 Ex
413 3695 526 3749 iamatis
545 3694 705 3764 Epidauriis
730 3695 785 3748 huc
808 3693 932 3764 pertinet
957 3711 997 3747 nr.
1018 3699 1052 3747 80
1076 3696 1088 3747 I
1111 3695 1198 3748 Baun.
1223 3721 1256 3740 =
1281 3700 1407 3763 2‚1sqq.
1432 3695 1511 3750 Cavv.

212 3775 348 3845 Exempla
363 3792 397 3828 ex
410 3775 543 3829 Aristidis
557 3774 732 3830 orationibus
748 3773 834 3829 sacris
849 3773 965 3844 collegit
977 3775 1132 3843 Baumgart
1146 3773 1243 3827 Aelius
1257 3773 1395 3828 Aristides
1409 3793 1436 3844 p.
1453 3782 1512 3831 100.

210 3855 425 3910 Commemorari
443 3856 498 3909 hoc
516 3857 578 3910 loco
596 3857 692 3925 potest
709 3854 829 3908 historia
846 3854 1016 3908 miraculosa
1035 3855 1070 3907 de
1087 3853 1221 3922 PhalysIo
1245 3856 1274 3907 et
1291 3854 1387 3923 Anyta
1405 3871 1422 3908 a
1440 3855 1512 3909 Pau-

210 3935 290 3990 sania
308 3952 391 4005 opere
415 3939 538 3990 extremo
558 3936 594 4006 (X
609 3941 651 4003 38,
668 3937 711 4004 13)
735 3936 872 3988 enarrata.
910 3933 1060 4002 Phalysius
1082 3932 1257 4002 Naupactius
1281 3933 1368 3988 oculis
1391 3934 1510 3990 laborat.

210 4017 305 4084 Anyta
319 4015 455 4085 Epidauri
471 4015 594 4070 somniat
608 4033 637 4070 se
656 4032 673 4068 a
688 4015 740 4069 deo
759 4032 821 4069 cum
841 4013 962 4084 epistola
976 4012 1090 4083 signata
1103 4012 1282 4082 Naupactum
1295 4013 1378 4069 mitti.
1408 4015 1511 4069 Statim

210 4094 411 4166 expergiscitur
425 4095 522 4165 (ύπαρ
537 4094 631 4164 μέντοι
645 4089 685 4164 ἦν
704 4092 840 4163 utrium
855 4094 889 4148 of.
905 4093 985 4146 Pind.
1002 4093 1043 4147 01.
1059 4092 1124 4145 XIII
1139 4098 1171 4146 66
1182 4110 1222 4161 sq.
1239 4093 1274 4147 dc
1287 4094 1510 4164 Bellerophonte,

209 4175 258 4245 qui
277 4191 294 4227 a
312 4174 429 4243 Polyide
447 4175 570 4229 monitus
589 4177 624 4246 [v.
641 4177 686 4246 76]
710 4174 740 4227 in
763 4173 891 4228 Athenae
913 4172 1035 4242 Hippiae
1059 4189 1108 4226 ara
1132 4172 1300 4227 dormiverat
1322 4173 1461 4228 Corinthi:
1481 4174 1510 4240 ἐξ

213 4252 324 4322 ὀνείρου
343 4251 371 4308 δ’
398 4252 518 4309 αὐτίκα
541 4248 581 4322 ἦν
603 4253 716 4323 drap),
734 4253 764 4306 in
787 4253 917 4306 manibus
940 4253 1029 4306 habet
1052 4251 1207 4322 epistolam.
1245 4254 1424 4323 Naupactum
1446 4271 1509 4322 pro-

207 4334 284 4389 fecta
302 4351 365 4388 eam
382 4333 516 4402 Phalysio
535 4334 636 4403 tradit,
660 4333 709 4401 qui
728 4333 808 4404 signo
832 4335 939 4387 remoto
963 4335 1078 4386 sanatus
1100 4332 1171 4403 legit
1195 4333 1249 4387 duo
1272 4333 1352 4387 milia
1375 4333 1429 4386 sibi
1453 4335 1509 4386 sta-

208 4417 300 4469 terum
321 4430 467 4469 aureorum
491 4430 551 4468 esse
578 4413 717 4467 solvenda.
754 4413 844 4467 Aliter
866 4412 1049 4466 iudicandum
1071 4415 1115 4467 est
1137 4412 1172 4467 de
1198 4412 1332 4481 exemplis
1355 4412 1508 4466 Athemen-

208 4495 285 4549 sibus
304 4498 349 4566 (ex
363 4491 515 4563 Ἀθηναίου
533 4496 553 4549 t.
569 4495 612 4564 V),
632 4510 704 4563 quae
722 4495 804 4547 notat
823 4492 924 4547 Girard
937 4492 1145 4562 L'Asolepieion
1164 4491 1315 4546 d’Athenes
1333 4510 1359 4561 p.
1377 4497 1422 4560 793
1442 4494 1508 4546 sunt

207 4574 281 4629 enim
306 4573 502 4643 inscriptiones
526 4573 635 4627 votivae
659 4589 730 4641 quae
748 4573 898 4627 formulam
926 4572 1059 4627 exhibent
1081 4570 1222 4640 ἀνέθηκεν
1244 4569 1313 4634 ὑπὲρ
1337 4575 1391 4625 κτλ,
1430 4569 1507 4634 Quae

207 4657 303 4708 tamen
325 4655 410 4710 verba
433 4672 490 4709 non
511 4653 722 4709 incubati0nem
744 4671 794 4724 pro
818 4653 907 4707 altero
930 4653 1035 4708 factam
1058 4653 1248 4708 demonstrare
1275 4649 1345 4704 mihi
1367 4650 1505 4707 videntur.
