3550 5317
588 339 629 393 De
648 337 801 393 incubandi
819 338 922 392 ritibus
941 336 1138 407 symbolisque.
1469 336 1511 400 27

275 501 416 555 refutatur
430 500 519 554 altero
534 500 595 554 looo
604 498 744 568 Wesselyi
758 498 909 553 lectionem
922 497 1073 567 probante:
1088 498 1176 551 Wess.
1189 498 1234 552 Gr.
1247 497 1297 550 ZP.
1311 502 1370 563 101,
1381 501 1450 549 3193
1461 514 1516 563 sq.:

278 580 313 635 τὰ
337 580 410 635 αύτοί
433 577 539 652 ἐπέλεγε
563 581 633 649 πρὸς
655 581 705 635 τὸν
728 580 829 650 λύχνον
853 577 979 645 ἑπτάκις,
1006 577 1073 645 ἤτω
1096 576 1132 632 δὲ
1156 578 1171 631 ὁ
1195 577 1316 648 λύχνος
1338 584 1371 647 τῇ
1395 576 1517 645 ἀνατολῇ

278 659 386 733 βλέπων
401 662 481 732 κτλ.])
500 659 530 715 δὲ
549 660 580 715 τὸ
600 659 742 731 ἐλλύχνιον
761 659 818 713 ἀπὸ
836 656 916 714 λίνον
933 665 1048 726 καινοῦ,
1067 658 1198 711 attendas
1212 656 1259 710 hic
1273 672 1384 725 quoque
1398 654 1517 708 linteum

277 740 414 809 adhiberi,
429 741 504 809 quod
518 740 630 810 saepius
645 739 766 794 occurrit
780 738 878 793 addito
895 737 1031 792 eiusmodi
1046 736 1185 791 adiectivo
1199 737 1276 790 velut
1294 733 1403 804 καινόν,
1422 738 1515 788 καθα-

276 820 327 889 ρόν
355 820 400 889 (cf.
429 839 455 890 p.
476 824 528 890 25).
554 820 603 875 διὰ
629 828 679 889 τῆς
707 816 848 873 αὐτόπτου
875 815 1079 889 λυχνομαντίας
1105 818 1195 871 Wess.
1216 816 1261 871 Gr.
1281 817 1332 870 ZP.
1347 823 1394 883 44,
1410 822 1460 870 951
1476 833 1515 884 sq.

278 901 319 954 De
339 900 441 969 lychno
460 899 494 954 cf.
514 901 617 954 Abrax.
635 905 695 966 170,
710 906 734 954 2.
751 905 783 953 11
804 899 865 968 (δύο
885 898 1000 968 λύχνοι).
1019 898 1166 964 ib.192,4
1185 896 1341 967 (καθαρός).
1366 896 1404 951 ib.
1420 901 1481 963 204,
1491 901 1516 950 5.

277 980 400 1050 Parthey
421 986 484 1048 128,
504 985 555 1033 ιιι
580 970 754 1050 (apiriam,
778 978 853 1047 quoe
877 976 1006 1048 saepius).
1033 982 1092 1045 ιιι,
1109 983 1172 1046 ιιι,
1193 983 1257 1045 ιιι,
1273 983 1332 1032 στι.
1370 976 1517 1031 eumnare

279 1052 407 1131 exempla
425 1077 481 1114 non
501 1062 625 1130 oportet;
644 1059 727 1114 mitto
746 1062 776 1113 te
795 1059 832 1112 ad
850 1058 959 1113 indices
977 1056 1123 1127 Wesselyi.

208 1186 306 1272 Apud
342 1187 575 1272 Amphiaraum
612 1186 745 1253 arietem
776 1185 987 1250 immolabant
1019 1186 1152 1270 eiusque
1186 1183 1288 1269 pelle
1320 1185 1518 1249 substrata

207 1284 488 1373 dormiebantl).

207 1381 304 1468 Apud
330 1383 530 1449 Podalirium
563 1382 671 1447 ovium
699 1381 838 1466 pellibus
871 1382 1092 1446 incumbentes
1124 1381 1252 1447 oracula
1284 1377 1517 1466 expetebanu).

206 1480 303 1565 Apud
327 1480 534 1546 Calchantem
558 1481 668 1545 arietis
692 1480 754 1544 atri
777 1479 871 1564 pellis
895 1479 1107 1545 adhibebatur
1118 1478 1153 1566 3).

206 1576 304 1661 Apud
326 1578 473 1643 Faunum
498 1578 606 1642 ovium
629 1577 729 1662 pelles
754 1575 1021 1664 sternebantur4).

209 1673 335 1739 Similia
359 1676 397 1740 de
420 1676 547 1741 Iudaeis
570 1674 850 1760 narranturapud
872 1674 1149 1763 Hieronymum5).

279 1797 321 1850 De
339 1798 461 1866 pellibus
485 1797 626 1851 lustrandi
655 1814 739 1851 causa
762 1796 937 1851 multimodis
962 1797 1076 1852 usitatis
1095 1796 1129 1852 of.
1149 1797 1303 1852 Prellerum
1322 1797 1359 1850 ad
1378 1796 1517 1849 Polemon.

278 1875 330 1945 frg.
351 1883 383 1930 87
402 1896 430 1946 p.
451 1882 568 1945 140sqq.
593 1876 671 1931 Diels
691 1876 748 1933 Sib.
768 1877 811 1933 Bl.
830 1896 857 1946 p.
875 1882 909 1931 70
926 1877 989 1933 adn.
1010 1877 1045 1933 cf.
1065 1878 1103 1933 ib.
1122 1896 1150 1947 p.
1165 1883 1213 1944 48,
1229 1884 1257 1945 2,
1272 1884 1297 1931 9.
1334 1876 1449 1945 Stengel
1472 1874 1518 1929 Gr.

278 1955 445 2010 Kultusalt.¹
475 1974 503 2025 p.
525 1963 583 2011 146.
628 1957 804 2025 Strepsiades
840 1957 870 2010 in
906 1958 952 2013 Ar.
984 1957 1057 2012 Nub.
1088 1958 1163 2027 pelle
1190 1958 1270 2011 sedet
1295 1957 1445 2011 substrata.
1483 1954 1517 2008 ef.

249 2034 251 2041 '
277 2035 421 2090 Dieterioh
440 2036 510 2091 Mus.
530 2037 619 2090 Rhen.
638 2042 673 2090 48
692 2055 719 2106 p.
736 2042 795 2093 278,
834 2037 972 2091 Nonnihil
991 2038 1190 2092 delectamenti
1212 2038 1331 2107 praebet
1348 2036 1398 2089 illa
1417 2036 1519 2089 Casan-

279 2116 347 2168 boni
365 2115 535 2184 coniectura,
554 2117 603 2184 qui
622 2116 743 2171 dormire
762 2133 779 2170 a
798 2134 865 2172 voce
886 2115 997 2187 ‘diupo'
1018 2117 1168 2173 derivavit:
1197 2118 1234 2170 ad
1252 2118 1354 2171 Athen.
1373 2116 1412 2169 VI
1431 2121 1454 2169 8.
1484 2114 1517 2168 of.

279 2195 355 2249 Vink
377 2196 571 2250 Am0enitates
598 2195 921 2265 philologioo-medioae
943 2216 970 2266 p.
992 2204 1033 2251 72,
1059 2231 1089 2237 -
1115 2195 1203 2266 δέρμα
1227 2194 1327 2265 ύαίνης
1349 2196 1379 2248 in
1401 2194 1519 2264 magieis

280 2277 525 2331 commemoratur:
554 2275 697 2330 Wess.·N.
717 2275 763 2330 Gr.
778 2276 828 2330 ZP.
845 2283 887 2344 26,
903 2283 955 2330 203
972 2304 1003 2323 --
1019 2277 1088 2332 Ken.
1109 2283 1152 2343 90,
1167 2283 1227 2330 203.
1256 2277 1345 2329 Wess.
1365 2274 1403 2330 ib.
1419 2280 1469 2327 206
1485 2301 1519 2319 =

280 2360 323 2420 91,
338 2360 399 2409 206,
437 2354 604 2424 Corruptum
621 2355 741 2422 videtur,
760 2357 835 2424 quod
854 2356 960 2426 legitur
977 2358 1067 2412 Wess.
1087 2356 1133 2411 Gr.
1153 2357 1204 2411 ZP.
1224 2361 1267 2423 85,
1282 2361 1352 2409 2596
1371 2358 1402 2409 et
1418 2354 1456 2409 ib.
1476 2360 1519 2421 87,

280 2436 389 2507 2658)οι
409 2437 496 2503 δερμα
512 2437 603 2505 δορης.
627 2435 682 2488 Vix
696 2435 900 2504 accipiendum,
915 2437 990 2504 quod
1000 2437 1089 2490 Wess.
1105 2436 1287 2491 emendabat:
1307 2433 1395 2504 δέρμα
1409 2437 1518 2503 δορκῆς.

280 2516 313 2569 cf.
334 2514 459 2569 eiusdem
476 2533 504 2583 p.
521 2520 551 2582 7,
575 2514 750 2582 universus,
774 2516 809 2571 de
828 2516 930 2583 quibus
954 2517 1048 2586 agitur
1067 2521 1110 2586 (17
1122 2518 1182 2586 sq.),
1207 2516 1261 2569 hoo
1279 2514 1362 2568 modo
1381 2514 1518 2568 restituti:

280 2597 328 2650 καί
351 2591 430 2664 δέρμ’
458 2594 529 2650 ἑλεῖν
556 2597 659 2665 δορκῆς
684 2594 761 2651 ἅπαν
786 2594 814 2649 κ’
844 2598 883 2658 είς
913 2596 965 2666 τὴν
990 2596 1075 2666 φύσιν
1102 2614 1151 2651 σου
1177 2599 1274 2651 θεῖναι
1295 2596 1299 2668 Ι
1320 2592 1380 2664 αἷμ’
1409 2592 1520 2663 ἱέρακος

299 2814 325 2878 1)
343 2809 423 2879 κριὸν
446 2810 586 2873 θύσαντες
608 2811 658 2864 καί
680 2810 711 2864 τὸ
735 2807 823 2879 δέρμα
847 2808 1093 2880 ὑποστρωσάμενοι
1116 2810 1307 2866 καθεύδωσιν
1332 2806 1519 2877 ἀναμένοντες

212 2889 333 2957 δήλωσιν
352 2887 496 2958 ὀνείρατος
515 2891 597 2945 Paus.
616 2891 629 2943 I
648 2897 691 2960 34,
706 2894 730 2945 5.

298 2974 325 3039 2)
344 2972 443 3038 δοραῖς
461 2968 491 3023 δέ
510 2970 603 3038 μήλων
621 2970 728 3042 τύμβον
747 2968 961 3041 έχκοιμωμένοις
977 2973 981 3041 Ι
997 2970 1091 3042 χρήσει
1110 2970 1181 3026 καθ’
1203 2969 1295 3026 ύπνσν
1313 2978 1381 3024 πᾶσι
1400 2978 1519 3039 νημερτῆ

209 3048 296 3119 φνίτιν
324 3050 460 3119 Lycophr.
482 3055 551 3105 1050
562 3068 602 3119 sq.
628 3051 662 3104 cf.
682 3050 795 3105 Taetaes
811 3051 894 3105 adl:
913 3052 1050 3106 εἰώθασιν
1065 3051 1092 3105 ol
1106 3052 1236 3120 Δαύνιοι,
1250 3049 1312 3117 ἤτοι
1326 3049 1354 3105 ol
1367 3046 1520 3121 Καλαβροί,

209 3128 240 3185 έν
259 3133 396 3199 μηλωταῖς
414 3130 568 3185 καθεύδειν
588 3130 674 3203 ἐντῷ
693 3128 773 3202 τύφῳ
792 3140 841 3186 τού
860 3128 1062 3200 Ποδαλειρίου,
1081 3133 1130 3186 καὶ
1148 3130 1219 3186 καθ’
1241 3128 1348 3194 ύπνονς
1367 3128 1520 3201 λαμβάνειν

210 3211 346 3278 χρησμούς
365 3208 393 3275 ἐξ
412 3210 506 3265 αὐτοῦ.

299 3293 325 3360 3)
344 3287 501 3360 ἐναγίζουσι
524 3288 550 3344 δ’
573 3292 648 3362 αὐτῷ
672 3290 842 3361 (Calchanti)
864 3289 970 3360 μέλανα
992 3292 1072 3361 κριὸν
1097 3292 1124 3347 οἱ
1149 3289 1363 3361 μαντευόμενοι,
1387 3289 1519 3361 ἐγκοιμώ-

209 3387 287 3436 μενοι
306 3368 337 3423 έν
354 3374 392 3441 τῷ
410 3367 526 3438 δέρματι
545 3370 646 3425 Strabo
665 3369 703 3424 VI
723 3377 747 3440 3,
763 3376 778 3423 9
797 3390 824 3440 p.
840 3377 900 3425 284.

297 3450 325 3518 4)
343 3450 477 3517 „pellibus
495 3451 621 3505 incubuit
639 3452 751 3505 stu-auu
769 3450 853 3521 Verg.
878 3452 947 3505 Aen.
967 3452 1019 3505 VII
1033 3457 1075 3507 88.
1094 3460 1195 3521 „atque
1208 3453 1307 3507 harum
1320 3453 1431 3519 effultus
1447 3458 1520 3520 terpo

214 3530 358 3597 amotisque
376 3530 481 3584 iacebat
501 3531 505 3599 1
525 3531 685 3585 velleribus‘
710 3529 750 3583 ib.
770 3536 804 3584 94
814 3548 853 3599 sq.
874 3549 979 3602 „supro
996 3549 1068 3588 uoou
1085 3534 1185 3587 οιίλκα
1202 3550 1300 3601 corpus
1324 3534 1329 3598 Ι
1351 3532 1450 3601 μοκιῖ“
1469 3529 1519 3583 Ov.

211 3608 286 3661 Fast.
306 3608 345 3661 IV
364 3613 414 3662 659
426 3626 466 3676 sq.

298 3692 325 3756 5)
344 3688 387 3741 Ad
405 3688 525 3742 Iesaiam
539 3695 582 3757 65,
596 3695 613 3742 4
633 3688 729 3759 Migne
748 3690 852 3746 Patrol.
865 3692 926 3746 Lat.
940 3694 960 3747 t.
971 3699 1005 3746 24
1020 3712 1046 3763 p.
1057 3693 1150 3747 657Αι
1171 3694 1316 3760 ,Juubitous
1334 3692 1366 3745 iu
1389 3690 1520 3759 sepulcris

211 3768 346 3837 (populus
364 3768 479 3835 Israel),
497 3775 522 3823 ιῖ
540 3770 571 3822 iu
589 3770 710 3824 delubris
727 3771 863 3825 idolorum
881 3773 1030 3840 dormiens,
1053 3774 1102 3826 ubi
1119 3773 1213 3826 aratis
1232 3772 1351 3848 pellibus
1368 3771 1520 3839 hostiarum
1546 3774 1563 3839 ².

210 3848 340 3902 incubare
363 3848 437 3903 soliti
459 3856 547 3915 ονωιιῖ,
570 3855 602 3904 ut
619 3851 733 3906 sooauiis
750 3852 848 3918 futuru
866 3858 1081 3922 coprwscereutf‘
1118 3852 1198 3915 Quod
1220 3853 1315 3905 tamen
1333 3850 1520 3919 Hieronymus

212 3944 226 3981 e
250 3927 374 3981 moribus
402 3927 571 3983 Graecorum
596 3930 632 3982 ad
656 3931 776 3985 Iudaeos
800 3931 979 3987 transtulisse
1002 3931 1127 3998 videtur,
1147 3930 1313 4002 praesertim
1331 3948 1395 3984 eum
1412 3930 1520 3983 Iesaiae

212 4008 277 4062 loeo'
293 4009 378 4062 verba
399 4007 458 4062 ‘dul
478 4007 608 4064 ἐνύπνια
631 4010 818 4081 Septuaginta
837 4012 950 4065 demum
964 4010 1133 4078 adiecerint3
1161 4010 1258 4080 itaque
1277 4011 1312 4066 de
1331 4011 1452 4065 oraculis
1470 4027 1520 4079 per

213 4086 350 4140 somnium
369 4088 467 4156 petitis
485 4088 527 4141 nil
547 4088 662 4159 dictum,
682 4107 854 4159 quamquam
878 4090 1014 4160 sepulcris
1034 4091 1258 4146 commemoratis
1277 4090 1387 4159 aliquid
1404 4090 1520 4145 incuba-

212 4165 284 4220 tioni
308 4166 398 4221 simile
421 4166 577 4222 indicatum
601 4186 662 4224 esse
685 4170 887 4240 probabilitate
911 4188 967 4225 non
991 4172 1075 4226 caret.
1109 4170 1143 4225 of.
1163 4170 1296 4226 Welcker
1318 4172 1362 4225 lu.
1388 4171 1462 4225 Sehr.
1482 4170 1520 4223 III

211 4265 237 4316 p.
254 4252 295 4301 90.
338 4246 430 4300 Duhm
455 4247 491 4301 ad
519 4249 626 4303 Iesaiae
649 4250 750 4305 locum.
793 4250 972 4318 Strabonem,
1003 4250 1053 4304 ubi
1076 4252 1111 4305 de
1134 4251 1301 4306 Iudaeorum
1327 4250 1453 4319 loquitur
1477 4249 1519 4301 in-

212 4326 372 4394 cubatione,
386 4326 524 4381 Graecum
537 4330 731 4383 tantummodo
745 4347 859 4397 morem,
874 4334 907 4384 ut
920 4329 1001 4400 solet,
1015 4330 1045 4385 in
1059 4331 1179 4386 alterum
1192 4332 1327 4402 populum
1342 4328 1520 4385 transtulisse

211 4410 295 4476 putat
316 4406 398 4460 Wolf
413 4407 457 4460 Kl.
483 4407 623 4462 Schriften
647 4411 689 4465 ed.
713 4411 878 4479 Bernhardy
901 4411 928 4464 11
950 4429 976 4480 p.
992 4416 1054 4481 678,
1073 4412 1118 4465 oui
1138 4412 1290 4466 assentitur
1308 4410 1440 4464 Welolrer
1457 4398 1475 4463 l.
1496 4426 1518 4462 e.

211 4486 303 4547 Aliter
327 4503 401 4539 nune
425 4486 584 4541 Preusohen
607 4488 771 4544 Mbnchtum
789 4509 815 4545 u.
836 4490 1012 4560 Sarapiscult
1034 4512 1061 4562 p.
1079 4497 1122 4561 21,
1137 4499 1161 4547 2.
1200 4491 1234 4546 ef.
1259 4506 1332 4559 quae
1351 4490 1385 4542 de
1403 4488 1518 4543 incuba-

211 4564 297 4620 tionis
320 4565 447 4637 vestigiis
470 4566 577 4636 profert
603 4567 632 4620 in
658 4572 751 4624 vetere
780 4570 862 4624 nobis
887 4573 1058 4625 testamento
1084 4571 1210 4625 servatis.
1253 4570 1329 4633 Quae
1355 4571 1450 4622 tamen
1474 4586 1518 4622 res

211 4644 281 4698 mihi
303 4646 381 4700 haud
399 4646 440 4701 ita
464 4649 540 4701 certa
564 4647 681 4702 videtur.
720 4648 891 4720 Corrigenda
915 4669 942 4720 p.
958 4656 991 4705 26
1016 4651 1079 4705 adn.
1102 4657 1129 4706 l:
1158 4651 1188 4704 in
1206 4650 1289 4703 Pluto
1308 4648 1342 4702 de
1361 4648 1435 4718 pelle
1454 4649 1519 4703 sub-

213 4727 302 4779 strata
320 4724 360 4779 nil
380 4725 491 4782 dicitur.
