3550 5317
271 291 312 355 XC
838 289 929 361 Caput
946 291 993 344 IV.

269 454 522 541 ἀμελήσωμεν
545 456 639 521 κατὰ
658 456 829 540 δύναμιν
846 464 916 521 τοῦ
935 454 1166 541 συντρέχειν
1186 455 1247 521 ἐπὶ
1266 458 1336 540 τὴν
1353 463 1577 542 κοινωφελῆ

268 555 415 637 ταύτην
438 553 567 619 αὐτῶν
589 557 737 637 σκηνήν
759 560 826 619 κτλ.

359 650 421 714 Per
452 651 691 716 incubationem
729 653 829 738 igitur
862 650 993 717 Cosmas
1028 655 1060 716 et
1095 653 1272 718 Damianus
1304 654 1496 719 Machaones
1528 655 1576 719 illi

269 748 436 813 christiani
468 750 622 814 curabant
654 750 806 814 infirmos.
852 750 1057 836 Paganorum
1085 773 1190 815 mores
1221 751 1347 834 excepit
1379 754 1475 835 atque
1503 775 1576 818 oon-

268 847 405 912 tinuavit
430 847 562 912 ecclesia
585 848 771 913 christiana:
794 847 1021 931 inquirendum
1044 848 1179 931 videtur,
1202 873 1281 913 num
1303 850 1387 914 forte
1415 873 1473 934 par
1495 851 1576 916 illud

268 967 499 1031 anargyrorum
514 946 565 1010 dei
578 946 630 1010 vel
644 945 776 1010 deorum
796 947 996 1029 quorumdam
1011 945 1204 1012 Graecorum
1223 947 1324 1012 cultui
1343 949 1576 1014 adnectendum

269 1044 319 1127 sit,
344 1044 377 1108 id
401 1043 488 1127 quod
511 1044 549 1108 de
574 1041 745 1109 Sosthenio
770 1045 944 1109 declaravit
966 1046 1089 1129 Maury.

362 1141 517 1206 Credebat
541 1141 626 1206 idem
645 1142 695 1206 vir
714 1141 859 1230 doctus¹)
879 1142 1059 1208 curationes
1075 1143 1208 1208 Cosmae
1224 1147 1255 1208 et
1274 1144 1438 1227 Damiani,
1458 1146 1577 1230 quippe

270 1241 325 1324 qui
354 1238 453 1326 Aegis
478 1239 608 1305 Ciliciae
636 1243 773 1305 mortem
797 1241 1010 1325 oppetissent,
1039 1264 1112 1306 cum
1134 1240 1319 1326 Aesculapii
1347 1242 1575 1325 aliquomodo

174 1328 176 1332 ¹
269 1338 506 1424 coniungendas
515 1361 582 1402 esse
590 1338 689 1421 cultu,
703 1338 759 1422 qui
774 1338 885 1402 eodem
900 1338 972 1403 loco
986 1339 1079 1404 valde
1093 1337 1269 1426 florebat2).
1289 1339 1392 1416 Quam
1405 1364 1474 1404 rem
1483 1341 1577 1407 aliter

269 1459 301 1500 se
320 1436 439 1500 habere
458 1460 534 1502 mox
553 1437 699 1501 elucebit.
723 1434 808 1500 Nam
823 1437 978 1521 oppidum
998 1437 1078 1500 illud
1100 1436 1230 1503 Ciliciae
1250 1439 1430 1522 quaestioni
1447 1445 1576 1506 nostrae

269 1556 379 1597 ansam
393 1534 544 1617 praebere
559 1539 728 1618 propterea
741 1557 807 1599 non
830 1538 949 1619 potest,
972 1535 1047 1618 quia
1071 1559 1108 1600 eo
1127 1536 1198 1601 loco
1217 1560 1284 1601 non
1304 1536 1452 1601 exstabat
1471 1538 1576 1603 cultus

268 1635 452 1695 sanctorum
479 1654 582 1715 neque
610 1656 689 1703 vero¹
710 1634 748 1696 de
771 1632 977 1698 incubatione
1000 1633 1120 1698 ibidem
1139 1635 1225 1699 facta
1243 1635 1418 1718 quidquam
1437 1641 1577 1721 constat3

268 1729 358 1794 ouius
373 1734 481 1793 tamen
503 1731 550 1794 rei
569 1731 709 1794 maxima
735 1735 783 1794 est
805 1731 953 1796 habenda
974 1731 1066 1796 ratio.
1100 1731 1233 1796 Cosmae
1258 1735 1290 1796 et
1312 1733 1463 1797 Damiani
1495 1756 1576 1818 quae

267 1827 362 1892 nobis
377 1828 547 1892 traduntur
561 1828 715 1893 miracula
727 1852 794 1893 non
804 1830 844 1892 ad
853 1827 960 1915 Aegas
974 1829 1140 1894 referenda
1153 1833 1237 1912 sunt,
1252 1831 1307 1894 sed
1321 1832 1361 1894 ad
1371 1831 1576 1915 Byzantium:

268 1926 307 1990 cf.
319 1949 366 1990 ex.
381 1948 427 2011 gr.
437 1925 507 1990 mir.
521 1927 560 1990 18
571 1950 601 2010 p.
612 1926 678 1990 420
688 1949 744 2010 sq,
758 1927 814 1990 ubi
829 1928 867 1990 de
886 1927 956 1991 viro
976 1928 1115 2011 quodam
1133 1927 1286 2012 leguntur
1306 1929 1397 1993 haec:
1418 1928 1450 2008 ἐξ
1465 1927 1576 2014 ἑτέρας

268 2023 457 2108 ὁρμώμενος
470 2025 578 2111 χώρας
597 2026 767 2110 διαφόρως
785 2023 964 2109 κατέλαβεν
982 2027 1044 2110 τὴν
1063 2027 1279 2109 φιλόχριστον
1297 2028 1445 2111 ταύτην
1459 2030 1575 2093 πόλιν

266 2120 321 2186 καὶ
340 2124 482 2206 ἤκουσεν
504 2133 572 2188 τῶν
586 2133 711 2188 κοινῶν
724 2123 906 2208 εὐεργετῶν
928 2123 983 2188 καὶ
1007 2126 1228 2210 θεραπόντων
1245 2133 1306 2189 τοῦ
1322 2129 1469 2210 Χριστοῦ
1488 2129 1576 2190 Κοσ-

268 2229 313 2304 μᾶ
327 2218 381 2285 καί
400 2225 577 2304 Δαμιανοῦ
590 2221 631 2286 ra
648 2223 805 2306 θαύματα
823 2220 878 2286 καὶ
897 2223 956 2299 τὰς
975 2233 1041 2287 τῶν
1060 2220 1273 2305 θλιβομένων
1292 2222 1487 2307 εὐεργεσίας.
1508 2219 1576 2289 εἶτα

267 2319 330 2403 πρὸ
354 2317 501 2405 βραχέως
523 2321 647 2404 χρόνον
664 2319 766 2384 πόλιν
785 2319 917 2396 έπιστδις
936 2330 974 2406 τῇ
997 2321 1175 2404 βασιλίδι
1198 2322 1292 2386 πόλει
1315 2319 1369 2385 καὶ
1389 2323 1472 2408 ζήλῳ
1492 2346 1574 2406 τρω-

266 2415 341 2492 θεὶς
355 2417 437 2501 πρὸς
451 2420 529 2493 τοὺς
544 2416 701 2496 ἐνδόξους
723 2419 889 2494 τούτους
913 2417 1054 2502 ἁγίους
1073 2415 1116 2483 δι’
1140 2418 1262 2494 αὐτοὺς
1274 2416 1387 2501 πλέον,
1406 2420 1524 2484 λοιπὸν
1538 2416 1575 2484 δὲ

270 2513 324 2579 καὶ
350 2514 405 2578 διὰ
427 2517 534 2580 πολλὰ
558 2516 641 2580 ὐίλλα
664 2523 721 2598 τῆς
744 2517 1031 2600 μεγαλωνύμου
1057 2518 1184 2591 πόλεως
1210 2516 1369 2599 ταύτης,
1396 2517 1458 2599 τὴν
1486 2518 1576 2582 ίδιάν

267 2618 398 2696 οίκησιν
432 2612 579 2678 ἐνταῦθα
609 2623 806 2696 μεταγαγεῖν
832 2613 1015 2698 ἠβουλήθη.
1067 2611 1324 2678 Consentaneum
1352 2617 1401 2678 est
1430 2613 1575 2700 intellegi

267 2710 475 2797 Byzantium3
503 2711 541 2776 cf.
560 2710 854 2796 Wangnereckium
878 2735 908 2794 p.
928 2711 1002 2775 303.
1040 2710 1160 2775 Dehnii
1182 2711 1314 2794 praefat.
1338 2736 1368 2797 p.
1387 2711 1477 2795 VHI,
1496 2714 1576 2777 eius-

270 2809 342 2872 dem
373 2814 467 2874 notas
504 2832 534 2892 p.
562 2807 696 2874 XXXII.
749 2808 817 2884 Qua
849 2810 884 2873 in
915 2810 994 2874 urbe
1023 2809 1165 2874 ‚Cosmae
1203 2812 1235 2874 et
1267 2810 1418 2874 Damiani
1451 2833 1576 2876 saonam

268 2907 429 2972 exstitisse
460 2907 532 2972 aliis
563 2929 691 2992 quoque
726 2907 921 2972 testimoniis
955 2909 1170 2973 confirmatur.
1223 2907 1348 2972 Ibidem
1377 2907 1575 2974 iustinianus

267 3006 442 3087 imperator
464 3028 521 3088 per
543 3005 783 3070 incubationem
807 3007 897 3091 gravi
921 3007 1033 3072 morbo
1056 3007 1211 3071 liberatus
1230 3007 1396 3093 egregium
1419 3008 1575 3092 templum

267 3103 407 3167 inornati
430 3105 527 3186 atque
551 3103 704 3190 ignobilis
728 3105 865 3170 aedificii
888 3104 960 3170 loco
985 3102 1183 3191 exstruxit.³)

357 3316 383 3382 1)
401 3312 466 3366 Rev.
487 3313 561 3366 arch.
578 3313 616 3367 VI
635 3315 725 3383 (1849)
745 3332 771 3383 p.
789 3321 887 3383 161sq.

356 3394 384 3461 2)
402 3391 533 3446 Philostr.
553 3393 585 3446 V.
610 3393 701 3462 Apoll.
726 3396 781 3449 17.
797 3401 821 3450 8.
838 3402 861 3450 9.
881 3395 919 3452 id.
935 3397 968 3450 V.
984 3396 1061 3465 soph.
1083 3396 1109 3449 H
1121 3403 1146 3451 4.
1183 3395 1322 3450 Eusebius
1346 3396 1379 3452 V.
1399 3396 1577 3452 Constantini

272 3475 311 3527 III
325 3478 366 3528 56.
401 3474 568 3528 Sozomenus
586 3473 658 3526 Hist.
674 3475 739 3528 eccl.
755 3475 810 3529 115
829 3474 927 3546 Migne
944 3478 965 3531 t.
982 3482 1015 3530 θλ
1038 3495 1065 3546 p.
1082 3482 1133 3530 948
1141 3476 1173 3530 A.
1211 3476 1348 3530 Similiter
1366 3477 1500 3532 Harnaclr
1518 3479 1575 3532 Me-

271 3553 438 3608 dicinisches
453 3571 504 3607 aus
519 3552 568 3607 der
578 3553 698 3607 altestcn
712 3554 999 3625 Kirchengeschichte
1016 3575 1043 3625 p.
1061 3562 1103 3625 13,
1119 3562 1145 3612 1:
1166 3557 1230 3623 „Se'e
1248 3560 1296 3627 (sc.
1312 3557 1339 3611 C.
1357 3559 1385 3610 et
1399 3558 1443 3625 D.)
1458 3560 1576 3612 beusteten

267 3637 321 3690 dea
340 3634 465 3690 obrisum
483 3634 547 3700 dac,
570 3651 626 3688 ωοε
649 3633 795 3702 Asklepios
817 3637 914 3701 freber
934 3637 1052 3706 peleistet
1073 3638 1159 3703 batte,
1176 3637 1213 3705 ja
1234 3638 1274 3690 aie
1295 3637 1360 3691 είκιί
1380 3635 1514 3706 ρωοσοτν
1536 3653 1575 3687 απ

268 3715 349 3770 Stelle
367 3715 502 3770 desselben
519 3717 661 3784 γενναίου(
681 3745 715 3754 -
735 3712 863 3767 Ceterum
883 3714 971 3768 etiam
989 3718 1075 3784 atque
1089 3716 1176 3770 etiam
1194 3716 1361 3781 mirandum,
1380 3714 1456 3782 quod
1469 3713 1511 3765 vir
1524 3712 1573 3765 ille

269 3794 447 3850 doctissimus
467 3795 501 3848 de
526 3792 722 3863 antiquissima
739 3793 881 3848 medicina
900 3794 1055 3849 christiana
1074 3795 1240 3864 conscripsit
1257 3792 1397 3859 libellum,
1416 3792 1446 3844 in
1464 3809 1519 3860 quo
1538 3808 1573 3845 ne

268 3892 321 3928 vox
339 3875 454 3944 quidem
471 3874 661 3929 incubationie
681 3873 826 3943 quaerenti
845 3877 973 3929 occurrat
992 3874 1080 3929 oculo.

360 3958 387 4023 3)
406 3955 521 4024 Procop.
542 3955 576 4009 de
596 3955 731 4009 aedificiis
749 3956 762 4008 l
777 3961 792 4008 6
806 3975 836 4025 p.
853 3961 914 4024 193,
930 3961 961 4008 17
971 3973 1030 4023 sqq.
1050 3955 1172 4009 Bekkerz
1197 3952 1269 4006 κατὰ
1292 3951 1323 4007 δὲ
1346 3960 1396 4006 τοῦ
1419 3951 1525 4007 κόλπου
1543 3953 1574 4007 rt

269 4033 356 4103 πέρας
371 4033 400 4088 έν
419 4053 448 4088 τε
462 4044 500 4089 τῶ
519 4033 634 4091 ἀνάντει
653 4036 701 4089 κοιλ
720 4035 836 4106 ἰσχυρῶς
854 4033 945 4108 ὀρθίῳ
965 4033 1077 4104 τέμενος
1095 4034 1126 4088 ἐκ
1144 4035 1265 4087 παλαιοῦ
1285 4037 1383 4105 Κοσμᾷ
1401 4051 1430 4086 τε
1450 4033 1497 4086 καὶ
1517 4034 1574 4086 Λα·

271 4119 361 4186 μιανῷ
380 4112 470 4185 ἁγίοις
488 4115 609 4169 deatum·
630 4110 663 4169 οὐ
683 4115 718 4184 δὴ
741 4115 828 4172 αὐτόν
846 4134 913 4170 ποτε
931 4114 1138 4185 (lastinianum)
1164 4111 1333 4181 νενοσηκότα
1351 4109 1507 4180 πικρότατα
1526 4114 1575 4166 καλ

271 4193 386 4264 δόκησιν
404 4193 597 4265 παρεχόμενον
616 4193 659 4248 ότι
678 4195 713 4264 δὴ
733 4194 879 4250 ἀποθάνοι
897 4193 968 4263 πρός
985 4214 1014 4249 τε
1033 4204 1089 4249 τῶν
1103 4195 1206 4262 ἰατρῶν
1220 4189 1454 4260 ἀπολελειμμένον
1472 4191 1521 4246 ἅτε
1539 4192 1574 4261 δὴ

270 4275 300 4330 έν
320 4283 428 4343 νεκροῖς
453 4272 581 4344 κείμενον
605 4270 638 4337 ές
661 4273 742 4344 όψιν
767 4275 928 4337 ἐλθόντες
951 4275 1088 4330 έσύσαντο
1112 4274 1139 4328 ολ
1162 4273 1238 4343 ἅγιοι
1262 4268 1340 4327 οὐτοι
1363 4271 1393 4325 ἐκ
1417 4279 1466 4326 τοῦ
1485 4291 1575 4340 παρα-

269 4355 353 4420 δόξου
377 4356 425 4410 καλ
448 4363 498 4410 τοῦ
522 4352 684 4424 παραλόγου
706 4356 756 4410 καλ
779 4355 869 4424 ὀρθὸν
893 4354 1017 4424 ἔστησαν.
1041 4353 1091 4417 οὓς
1114 4353 1149 4422 δὴ
1173 4352 1369 4425 εὐγνωμοσύνη
1393 4351 1576 4423 ἀμειβόμενος

269 4435 320 4490 όσοι
339 4455 369 4506 γε
388 4435 422 4489 τὰ
441 4435 607 4503 ἀνθρώπεια
626 4432 694 4497 όλως
714 4435 864 4502 ἐναλλάξας
885 4453 915 4489 τε
938 4436 987 4490 κοιλ
1009 4431 1284 4503 μετασκευασάμενος
1306 4432 1358 4501 τὴν
1380 4428 1519 4499 προτέραν
1536 4432 1576 4486 οἰ-

268 4515 407 4586 κοδομίαν
427 4513 549 4584 ἄκοομόν
568 4516 663 4570 τεκαὶ
682 4513 787 4580 ἄδοξον
806 4511 893 4571 οὖσαν
914 4560 919 4570 .
941 4559 946 4568 .
968 4560 973 4570 .
992 4513 1086 4569 κάλλει
1104 4533 1133 4568 τε
1148 4515 1197 4567 καὶ
1210 4511 1329 4583 ’μεγέθει
1346 4512 1396 4566 τὸν
1410 4510 1482 4565 νεὼν
1495 4530 1575 4565 κατε-

269 4595 427 4666 λοίμπρννε.
440 4638 444 4650 ,
458 4593 589 4650 ,ἐπειδὰν
608 4593 640 4649 δέ
657 4615 730 4658 τινες
749 4594 962 4664 ἀρρωστήμασιν
981 4594 1141 4664 δμιλήσαιεν
1160 4594 1263 4661 ἰατρῶν
1280 4588 1442 4659 κρείττοσιν,
1461 4589 1521 4645 οίδε
1533 4637 1538 4646 .
1552 4637 1573 4646 ..

269 4673 381 4730 πλέουσι
400 4675 448 4730 διὰ
466 4683 515 4731 τοῶ
534 4673 639 4731 κόλπου
658 4674 704 4730 ἐπὶ
722 4683 822 4731 τοῦτον
841 4676 876 4745 δὴ
894 4674 944 4731 τὸν
964 4676 1043 4731 νεών.
