3550 5317
631 310 672 364 De
690 309 872 364 incubatione
892 309 1054 363 christiana.
1455 309 1498 372 95

195 491 297 559 μασιν
310 477 438 559 έχομεν,
453 475 517 560 ἀρα
530 474 672 559 Χριστὸς
690 473 821 559 δωρεάν
835 470 1004 537 ἀπέθανεν
1018 472 1152 555 ὀλίγους
1170 473 1273 537 αὐτοῦ
1292 483 1359 537 τῶν
1380 480 1501 537 παθῶν

196 575 379 648 κοινωνοὺς
401 573 648 657 ποιησάμενος.
672 620 679 635 .
703 620 710 635 .
735 573 766 635 εί
787 572 850 657 γάρ
873 568 929 635 καὶ
952 567 1028 654 μηδ’
1057 570 1141 646 ὅλως
1164 568 1250 635 εἰσὶν
1271 571 1500 654 ὑπομνήματα,

193 671 249 735 ἵνα
280 669 345 735 καὶ
378 671 448 752 τὴν
481 673 684 755 Κυρίλλου
715 670 875 754 παρήσω
909 666 1087 746 διάλεξιν
1119 668 1160 733 τὸ
1192 677 1269 732 πᾶν
1300 667 1501 754 ἀρκοῦσαν
1572 734 1575 738 .

192 765 482 852 πιστώσασθαι,
506 769 545 832 τά
568 770 647 842 τοὺς
670 766 800 850 ἀγῶνας
822 776 891 831 τῶν
914 765 1019 848 ἁγίων
1037 767 1241 851 κηρύττοντά
1263 764 1318 830 καὶ
1340 767 1402 850 τὴν
1424 771 1501 850 κλη-

193 882 249 930 σιν
278 865 389 931 ccccv
415 865 665 949 ὑποφαίνοντα,
694 865 731 928 τὸ
762 869 893 948 πλῆθος
921 862 1021 949 έχρην
1047 874 1116 928 τῶν
1145 865 1321 947 δυνάμεων
1351 875 1419 929 τῶν
1450 863 1496 928 δι’

194 963 305 1028 αὐτῶν
328 963 545 1038 ἀδιαλείπτως
573 965 751 1046 γινόμενον
783 960 818 1048 (l.
841 959 1043 1048 γινομένων)
1070 973 1253 1049 παρασχεῖν
1280 962 1393 1039 αὐτοῖς
1419 987 1501 1048 μαρ-

133 1077 137 1086 ·
191 1061 302 1146 τύρων
324 1061 494 1145 ὑπόληψιν
516 1066 584 1125 κτλ.
630 1058 754 1136 Quibus
784 1082 802 1123 e
828 1059 936 1124 verbis
967 1063 1101 1143 apparet
1129 1060 1230 1124 fuisse
1257 1060 1417 1143 homines,
1445 1060 1500 1143 qui

195 1157 313 1242 Cyrum
337 1161 368 1222 et
392 1157 545 1222 loannem
568 1162 726 1240 martyres
755 1179 912 1222 essenon
939 1157 1119 1242 crederent,
1150 1156 1236 1240 quod
1262 1179 1338 1222 vero
1367 1158 1500 1220 maximi

191 1256 361 1320 momenti:
384 1256 474 1320 nulla
497 1255 657 1320 exstitisse
685 1255 724 1320 de
753 1258 936 1320 sanctorum
964 1254 1093 1319 illorum
1123 1255 1278 1338 martyrio
1311 1256 1501 1320 documenta

191 1359 319 1436 praeter
350 1377 402 1419 eas
434 1376 513 1437 quas
545 1352 685 1436 Cyrillus
714 1353 882 1437 episcopus
913 1353 1027 1417 habuit
1045 1354 1227 1418 orationes.
1273 1352 1366 1430 Quod
1392 1359 1501 1418 tamen

190 1474 297 1516 rerum
321 1453 450 1516 eventui
473 1474 539 1516 von
562 1451 705 1516 obfuisse
729 1474 826 1536 supra
847 1451 996 1516 vidimus.

280 1549 453 1614 Probabile
482 1549 611 1614 videtur
642 1548 762 1633 (tyrum
793 1553 824 1614 et
854 1548 1008 1614 loannem
1036 1553 1194 1633 martyres
1226 1549 1267 1612 ad
1302 1548 1435 1614 Cosmae
1467 1554 1500 1614 et

190 1647 340 1712 Damiani
364 1647 546 1731 exemplum
569 1670 639 1712 esse
662 1649 866 1712 constitutos.
910 1645 1053 1722 Quorum
1078 1651 1262 1712 sanctorum
1286 1669 1382 1730 quam
1404 1651 1499 1713 notae

190 1747 311 1810 fuerint
339 1747 519 1810 curationes
548 1769 564 1810 e
594 1745 767 1830 Sophronii
799 1743 962 1809 miraculis
991 1743 1043 1827 30,
1058 1743 1181 1808 35200
1205 1747 1356 1830 cognosci
1382 1750 1499 1830 potest,

126 1866 128 1871 ·
190 1843 247 1906 ubi
270 1843 457 1908 delectabile
480 1843 560 1907 illud
584 1845 716 1908 affertur
737 1849 853 1926 θαῦμα
883 1842 922 1905 de
949 1843 1083 1906 muliere
1106 1846 1196 1906 muta
1223 1846 1255 1906 et
1282 1845 1352 1908 viro
1374 1845 1500 1929 paraly-

189 1942 253 2005 tico
284 1965 314 2025 p.
336 1942 377 2005 72
406 1964 424 2004 a
453 1941 547 2006 nobis
580 1944 874 2006 commemoratum.
929 1939 1052 2004 Eodem
1082 1941 1154 2005 loco
1187 1940 1333 2007 clarescit
1367 1945 1498 2008 omnino

189 2040 285 2103 huius
308 2039 395 2104 illius
419 2043 603 2104 sanctorum
632 2041 719 2124 paris
747 2037 902 2102 miracula
928 2039 1013 2103 inter
1042 2061 1076 2103 se
1103 2041 1236 2104 confusa
1263 2063 1344 2124 esse,
1373 2062 1435 2123 qua
1464 2065 1499 2105 re

189 2140 306 2200 natura
334 2159 444 2202 eorum
473 2140 569 2220 atque
604 2137 727 2202 indoles
755 2136 859 2200 denuo
897 2137 1018 2220 optime
1050 2136 1242 2201 illustratur:
1270 2137 1351 2221 φασὶ
1380 2136 1417 2202 δέ
1444 2138 1498 2203 καί

190 2239 330 2320 Κοσμάν
366 2234 420 2300 καὶ
457 2236 635 2320 Λαμιανὸν
665 2239 744 2311 τοὺς
785 2235 902 2317 ἁγίους
939 2237 1138 2320 συνιατροὺς
1170 2233 1225 2298 καὶ
1263 2235 1499 2320 συμμάρτυρας

189 2335 343 2398 τοιοῦτόν
370 2357 401 2397 τι
429 2331 674 2419 διαπράξασθαι
702 2331 824 2420 (actum
853 2335 902 2396 est
930 2331 969 2395 de
1001 2329 1088 2396 Gesii
1115 2330 1230 2394 medici
1257 2333 1435 2415 curatione,
1458 2334 1497 2398 cf.

188 2453 218 2514 p.
238 2429 311 2517 87),
344 2432 454 2515 ὥσπερ
485 2429 540 2495 καὶ
572 2440 632 2495 τοῦ
667 2428 811 2515 παρέτου
838 2428 893 2494 καὶ
920 2439 979 2514 τῆς
1013 2428 1139 2494 ἀλάλου
1171 2433 1337 2512 γυναικός.
1365 2431 1405 2494 ού
1432 2432 1498 2515 μὴν

190 2527 273 2594 ἀλλά
297 2526 351 2592 καὶ
375 2530 412 2592 τὸ
436 2537 493 2612 της
512 2527 666 2614 Ἑβραίας
688 2537 746 2611 τῆς
770 2527 907 2612 ἐχούσης
929 2527 990 2592 τὸν
1007 2531 1169 2612 καρκίνον
1187 2530 1250 2592 ἔσω
1268 2532 1499 2614 κρυπτόμενον

189 2629 301 2712 Κύρος
315 2625 369 2691 καὶ
386 2624 540 2710 Ἰωάννης
558 2627 754 2717 πεπράχασι,
773 2627 855 2712 άπερ
875 2623 994 2690 πολλοὶ
1013 2625 1057 2700 ὡς
1076 2621 1157 2708 χθὲς
1177 2629 1337 2708 γεγονότα
1355 2625 1497 2711 μέμνην-

189 2747 241 2788 ται
264 2723 318 2788 καὶ
341 2725 570 2811 κηρύττουσιν.
598 2723 682 2788 ἀλλά
704 2733 807 2788 ταῦτα
834 2719 897 2808 μὲν
924 2723 969 2798 ὡς
995 2720 1059 2787 καί
1086 2732 1169 2798 τοῖς
1197 2723 1360 2789 ἐκείνων
1388 2723 1497 2807 έγγε·

189 2821 391 2907 γραμμένα
413 2823 590 2906 θαύμασι
617 2822 888 2908 παρεδράμομεν,
911 2821 948 2884 τὸ
977 2820 1087 2906 παρὸν
1114 2817 1152 2885 δὲ
1179 2823 1352 2908 τεράστιον
1379 2823 1423 2898 ὡς
1452 2824 1497 2906 μὴ

190 2916 319 3005 γραφὲν
343 2918 380 2984 έν
402 2921 515 2995 αὐτοῖς
536 2919 630 3003 ἡμεῖς
653 2919 894 3004 ἀνεγράψαμεν.
916 2917 971 2983 καὶ
993 2917 1188 3003 θαυμαζέτω
1207 2918 1322 3004 μηδεὶς
1345 2923 1375 2985 εί
1397 2920 1496 3004 άλλη-

192 3021 262 3094 λοις
285 3019 317 3081 οἱ
340 3018 430 3099 ἀγιοι
453 3019 492 3082 τὰ
515 3017 598 3082 αὐτά
626 3017 881 3103 διαπράττοντες
909 3014 943 3103 (l.
967 3015 1240 3104 brasciarentur)
1267 3019 1436 3103 θαύματα·
1460 3018 1496 3084 ἐκ

189 3125 265 3198 μιᾶς
294 3117 358 3201 γάρ
389 3124 495 3199 πηγῆς
525 3117 639 3201 Κῦρός
668 3139 703 3180 τε
731 3113 787 3179 καὶ
810 3113 981 3199 Ἰωάννης,
1011 3118 1148 3199 Κοσμάς
1174 3139 1210 3180 τε
1240 3114 1295 3180 καὶ
1323 3118 1496 3201 Δαμιανὸς

189 3217 337 3297 Χριστοῦ
367 3224 428 3279 τοῦ
453 3219 539 3280 (θεοῦ
567 3213 661 3298 ἡμῶν
688 3212 847 3299 ἀρύονται
870 3214 911 3277 τά
934 3211 1088 3300 λάματαῙ)
1111 3218 1178 3278 κτλ.
1225 3212 1338 3297 ltaque
1361 3215 1494 3278 miracu-

188 3309 256 3372 lum
281 3309 369 3374 Gesii
392 3312 550 3375 curationi
574 3310 679 3375 simile
703 3311 742 3374 ad
768 3310 917 3375 Oosmam
941 3333 1068 3394 quoque
1092 3315 1124 3374 et
1144 3311 1337 3376 Damianum
1356 3313 1493 3376 relatum

189 3411 246 3492 est,
271 3409 407 3472 alterum
433 3409 472 3472 de
499 3409 633 3473 muliere
655 3408 772 3473 Iudaea
796 3408 883 3492 quod
906 3408 1027 3493 agitur,
1050 3431 1069 3472 a
1092 3408 1288 3496 sophronio,
1312 3411 1388 3495 quia
1411 3412 1495 3475 inter

192 3505 366 3570 eorundem
390 3511 574 3572 sanctorum
597 3506 777 3572 curationes
801 3510 965 3590 receptum
988 3511 1080 3593 esset,
1104 3508 1259 3572 omissum
1282 3509 1426 3592 profecto
1449 3509 1496 3571 in-

190 3603 318 3667 venitur
341 3606 427 3689 apud
449 3604 743 3692 Wangnereclrium
766 3628 795 3688 p.
815 3604 881 3668 314
905 3605 965 3668 sub
985 3628 1035 3697 nr.
1054 3606 1084 3668 2.
1130 3604 1225 3669 Adici
1247 3610 1355 3690 potest
1383 3607 1494 3670 simili-

190 3701 334 3766 tudinem
349 3704 510 3787 quandam
529 3704 627 3769 etiarn
646 3704 730 3766 inter
750 3701 826 3786 Cyri
844 3701 1038 3786 loannisque
1056 3702 1108 3767 52.
1128 3707 1159 3766 et
1179 3702 1313 3767 Cosmae
1331 3703 1495 3767 Damiani·

189 3822 250 3884 que
276 3801 325 3866 12.
349 3802 545 3866 intercedere
567 3802 730 3867 miracula.
771 3799 857 3864 illud
876 3823 1003 3884 quoque
1021 3802 1158 3865 fortasse
1176 3800 1239 3864 huc
1257 3802 1369 3865 referri
1387 3806 1493 3885 potest

188 3897 312 3963 duobus
335 3899 414 3964 locis
446 3899 599 3965 Ioannem
624 3899 700 3983 Oyri
727 3899 859 3963 fratrem
888 3895 1083 3984 appellarib.
1130 3897 1222 3974 Quod
1249 3921 1324 3964 vero
1352 3900 1493 3986 graviori

188 4000 237 4060 est
260 4003 458 4084 argumente,
483 3999 586 4083 Cyrus
610 4003 642 4063 et
664 3997 801 4063 loannes
832 3996 943 4060 eodem
971 4018 1203 4082 anargyrorum
1231 3998 1421 4083 cognomine
1445 4021 1492 4063 or-

186 4098 314 4179 nantur,
337 4097 422 4179 quod
445 4098 589 4181 ipsorum
614 4096 748 4161 Cosmae
771 4099 803 4160 et
825 4094 977 4159 Damiani
1000 4099 1068 4158 erat
1091 4096 1271 4180 proprium,
1294 4098 1413 4182 quippe
1437 4099 1492 4182 qui

186 4191 301 4278 gratiis
325 4198 472 4258 curarent
495 4199 652 4280 aegrotos.

186 4449 214 4502 ἰ,
277 4371 302 4438 1)
322 4368 368 4424 Sic
390 4369 652 4440 interpungendum.
697 4370 793 4442 Migne
816 4370 948 4441 praebet:
977 4369 1018 4442 (ἐκ
1041 4378 1107 4442 μιᾶς
1131 4417 1137 4427 .
1158 4417 1163 4428 .
1185 4419 1190 4428 .
1209 4375 1340 4443 Χριστοῦ)
1363 4379 1412 4426 τοῦ
1432 4417 1437 4427 .
1458 4415 1490 4426 ..

197 4469 301 4600 “mvii
321 4534 414 4599 Κῦρος
433 4531 520 4594 εύθίις
538 4529 728 4601 ἀναφαίνεται
744 4531 882 4602 Ἰωάννην
901 4533 952 4587 σύν
975 4534 1050 4606 αύτῷ
1072 4534 1123 4589 τὸν
1146 4533 1297 4600 ἀδελφὸν
1320 4531 1491 4603 ἐπαγόμενος

186 4611 344 4744 ξδΒέἓέἐδῄ
373 4615 466 4680 Κύρος
493 4605 529 4681 ἦν
559 4613 574 4667 ὁ
601 4610 750 4674 θεσπέσιος
774 4610 912 4682 Ἰωάννην
938 4613 989 4667 τόν
1021 4614 1173 4683 ἀδελφὸν
1200 4613 1293 4677 δεξιὸν
1320 4609 1491 4683 ἐπαγόμενος

223 4734 229 4760 ,
348 4734 352 4744 .
