3550 5317
258 278 299 340 '10
831 275 922 344 Caput
939 274 986 328 lv,

351 440 483 504 Sacrum
515 443 693 522 martyrum
724 439 911 503 nominatur
943 440 1041 521 σηκός
1073 438 1143 502 mir.
1172 438 1192 500 6
1225 461 1255 520 p.
1284 437 1363 524 336,
1400 438 1430 520 9,
1453 435 1518 500 348
1526 435 1565 522 1),
1656 489 1659 493 .

257 539 308 621 20,
328 535 439 623 458²),
463 537 515 621 23,
534 538 612 620 4783
636 537 687 618 24,
707 537 786 620 484;
810 536 862 618 27,
881 536 955 599 496.
979 537 1059 611 ναός
1077 559 1106 618 p.
1126 535 1200 600 518.
1224 534 1298 599 522.
1321 530 1482 618 ὑπηρέται
1505 543 1565 598 τοῦ

258 635 394 712 ἐνδόξου
418 645 485 699 τῶν
513 634 618 717 άγίων
646 641 741 698 οίκου
769 637 1060 698 commemorantur
1088 633 1117 716 3,
1136 633 1215 717 3263
1243 634 1451 714 διακονικόν,
1479 632 1565 714 quod

258 733 465 796 diaconorum
488 731 706 795 videturesse
731 731 880 796 conclave
907 733 957 816 10,
976 733 1049 796 358.
1094 731 1200 814 Prope
1228 753 1353 796 sacrum
1381 733 1471 794 erant
1499 730 1566 794 bal-

258 846 331 894 nea:
354 831 522 913 presbyter
549 829 745 914 paralyticus
775 842 929 914 φανερῶς
956 829 1202 913 διαγενομένων
1231 829 1364 913 ήμερῶν
1390 829 1565 912 ἠβουλήθη

259 927 311 992 ἐπὶ
336 929 499 1012 λοετρὸν
528 927 641 992 ἐλθεῖν
667 929 704 992 τὸ
734 930 915 1010 λεγόμενον
945 929 1131 1010 λαματικόν,
1159 929 1196 991 τὸ
1220 927 1260 992 ὃν
1288 927 1324 991 ἐν
1348 931 1483 1002 Συκαῖς.
1509 924 1565 990 καὶ

261 1025 406 1103 ἐξελθὼν
429 1023 465 1089 ε’κ
488 1035 548 1090 τοῦ
572 1031 666 1089 οίκου
690 1036 757 1089 τῶν
781 1024 885 1107 άγίων
909 1074 916 1088 .
940 1074 947 1088 .
971 1073 979 1088 .
1001 1024 1067 1088 ὑπὸ
1091 1026 1150 1088 τὸν
1174 1027 1303 1110 όρθρον
1333 1025 1458 1108 φθάνει
1485 1025 1567 1088 κατά

260 1146 293 1187 τι
314 1123 521 1206 λαματικὸν
539 1133 615 1186 τῶν
635 1121 807 1186 ἐνταῦθα
826 1123 997 1205 πριβάτων
1012 1173 1019 1185 .
1036 1171 1064 1186 ..
1083 1125 1262 1186 πείθουσιν
1281 1121 1384 1186 αὐτὸν
1403 1123 1568 1186 εἰσελθεῖν

259 1221 296 1284 ἐν
318 1229 364 1306 τῷ
388 1219 534 1284 ἐνταῦθα
559 1221 717 1307 ἰαματικςό
747 1225 878 1306 λοετρῷ.
907 1217 1107 1303 βασταχθελς
1138 1214 1201 1285 οὖν
1229 1221 1386 1302 εἰσῆλθεν
1413 1220 1461 1294 είς
1487 1221 1567 1294 τοὺς

258 1316 483 1401 καλουμένους
506 1321 655 1392 θόλους
677 1323 743 1382 κτλ.
770 1318 820 1399 12,
835 1317 902 1382 386
914 1339 959 1400 sq.
1005 1315 1164 1381 Attendas
1193 1316 1350 1400 Epidauri
1378 1339 1506 1400 quoque
1533 1317 1567 1380 in

259 1414 427 1498 Asclepieo
452 1415 578 1480 tholum
603 1437 670 1480 esse
695 1415 850 1479 effossam.

348 1513 485 1598 Magnus
509 1517 577 1577 erat
599 1535 750 1577 numerus
773 1516 987 1597 aegrotorum,
1011 1514 1067 1595 qui
1090 1513 1124 1576 in
1153 1516 1330 1596 martyrum
1354 1512 1476 1595 templo
1499 1535 1567 1576 ver-

260 1611 425 1674 sabantur:
448 1617 605 1676 πολλῶν
628 1607 665 1675 δὲ
687 1609 741 1675 καὶ
764 1612 918 1695 μεγάλων
942 1611 1062 1674 ίάσεων
1089 1611 1275 1693 γινομένων
1303 1609 1493 1695 ὁσημέραι
1521 1612 1567 1686 εἰς

259 1711 337 1784 τοὺς
367 1711 503 1783 λοιποὺς
535 1706 789 1792 κατακειμένους
821 1707 975 1783 ἀσθενεῖς
1005 1707 1032 1790 1,
1051 1707 1125 1772 306.
1168 1706 1402 1790 άνελλειπής
1429 1707 1519 1772 ἐστιν
1547 1707 1567 1790 ή

260 1817 328 1870 τῶν
357 1805 593 1870 ἀσθενούντων
621 1805 657 1871 ἐν
684 1814 724 1890 τή
751 1812 928 1889 θαυμαστῇ
957 1804 1067 1869 αὐτῶν
1094 1805 1196 1889 ταύτη
1225 1814 1329 1890 σκηνή
1356 1803 1567 1890 προσεδριά3)

262 1902 292 1986 4,
308 1902 381 1966 330.
418 1902 592 1985 Praecipue
616 1903 656 1965 ad
679 1901 885 1986 pervigilium
914 1901 1138 1966 celebrandum
1161 1903 1308 1967 homines
1331 1903 1472 1986 undique
1496 1925 1568 1967 con·

263 2001 432 2065 currebant
456 2002 551 2082 atque
575 2000 660 2064 intra
683 2023 716 2064 se
740 2022 803 2084 qua
821 2001 946 2064 ratione
970 2000 1073 2064 sanati
1093 2005 1198 2064 essent
1216 2001 1403 2066 narrabant:
1426 2010 1486 2066 τοῦ
1504 2003 1568 2084 γάρ

262 2103 344 2163 λαοῦ
368 2097 606 2183 συντρέχοντος
630 2095 698 2184 effi)
722 2107 761 2183 τῇ
785 2096 856 2162 κατ’
883 2101 963 2174 ἔθος
985 2097 1145 2184 γινομένη
1165 2098 1268 2164 ἐκεῖσε
1286 2100 1467 2182 παννυχίδι
1491 2101 1568 2181 σαβ

263 2196 368 2279 βάτου
391 2195 639 2280 έπιφύσκοντος
662 2197 698 2260 οί
717 2204 774 2279 τῆς
796 2194 872 2281 παρ’
902 2195 1012 2260 αὐτῶν
1030 2198 1187 2279 τυχόντες
1206 2198 1322 2272 ἰάσεως
1341 2197 1430 2272 ὅπως
1452 2199 1569 2280 ἔτυχον

262 2297 378 2376 ἔλεγον
399 2317 430 2378 p.
449 2293 524 2357 454.

350 2391 454 2455 Paene
479 2413 604 2474 semper
627 2392 661 2456 in
688 2392 801 2456 morbo
830 2391 1037 2456 describendo
1066 2393 1182 2457 medici
1209 2392 1292 2457 nihil
1321 2393 1470 2456 dicuntur
1498 2392 1570 2456 effe

266 2487 388 2576 cisse⁵),
410 2489 499 2554 velut
523 2513 570 2553 ex.
595 2512 640 2574 gr.
663 2491 712 2573 19,
732 2489 810 2554 442:
834 2488 994 2555 ὥστεκαὶ
1018 2492 1097 2566 τοὺς
1121 2492 1255 2574 ἰατροὺς
1280 2491 1405 2567 πάντας
1427 2489 1569 2574 ἡττηθή-

262 2611 318 2652 ναι
340 2587 406 2652 ὑπὸ
430 2597 490 2652 τοῦ
513 2590 707 2670 νοσήματος.

352 2685 510 2768 Martyres
547 2687 702 2768 apparent
733 2686 966 2749 dormientibus
995 2709 1053 2769 per
1082 2709 1242 2751 somnum:
1274 2684 1512 2771 ἐπιλαβομένης
1535 2710 1569 2750 τε

264 2792 321 2866 τής
343 2783 463 2857 νυκτὸς
485 2780 540 2846 καὶ
564 2783 756 2865 βαθύτατον
779 2783 888 2847 ύπνον
917 2786 1148 2860 διατελοῦντος
1175 2783 1279 2848 αὐτοῦ
1307 2785 1343 2847 οί
1367 2785 1569 2868 μεγάλοι...

266 2882 355 2962 δίγιοι
377 2930 383 2943 .
404 2929 410 2943 .
431 2930 437 2944 .
456 2881 517 2963 τήν
546 2891 614 2944 τῶν
646 2886 773 2945 λοιπῶν
799 2878 981 2966 άρρεόστων
1011 2884 1143 2965 συνήθη
1172 2881 1346 2959 ἐπίσκεψιν
1374 2883 1569 2965 ποιούμενοι

266 2978 438 3060 φθάνουσι
462 2975 515 3041 καὶ
539 2978 622 3062 πρὸς
644 2979 703 3043 τὸν
726 2980 829 3042 τόπον
851 2987 912 3042 τοῦ
935 2979 1135 3063 ὑδεριῶυτος
1162 2980 1189 3064 1,
1208 2981 1282 3044 312.
1324 2979 1485 3064 φανέντες
1507 2980 1569 3063 γάρ

268 3206 436 3273 municavit;
456 3206 490 3260 ef.
509 3206 582 3261 Acta
597 3209 684 3260 sanct.
699 3226 725 3276 p.
741 3213 800 3276 460,
818 3213 876 3260 176.
907 3209 933 3276 3)
947 3206 1022 3260 111111.
1038 3212 1125 3260 9-11
1140 3226 1166 3276 p.
1178 3213 1320 3261 346-384
1328 3208 1373 3261 W.
1393 3209 1446 3262 hoc
1460 3207 1569 3262 ordine:

268 3292 348 3340 rie.
366 3292 407 3340 10.
427 3286 583 3355 Martyrum
602 3285 751 3354 invocatio,
771 3305 828 3356 qua
845 3286 1014 3340 terminatur
1031 3287 1092 3340 mir.
1109 3293 1151 3355 10,
1172 3287 1202 3341 in
1221 3288 1281 3342 cod.
1302 3288 1385 3342 Vind.
1410 3291 1454 3342 est
1472 3287 1570 3357 ampli-

266 3367 357 3419 ficata.
379 3365 498 3423 uanae
516 3365 599 3419 huius
619 3366 723 3421 codicis
742 3366 885 3435 lectiones,
906 3384 954 3431 seu
974 3367 1155 3436 accipiendae
1180 3367 1310 3421 videntur
1328 3385 1377 3422 seu
1395 3368 1571 3434 refutandae,

266 3446 324 3499 suis
343 3445 413 3501 locis
433 3446 650 3500 adnotabuntur.

358 3529 383 3594 1)
403 3524 470 3598 οίιιφ
489 3543 538 3594 pro
558 3531 632 3598 σηκῷ
651 3528 768 3596 praebet
786 3526 1019 3582 Vindobonensis.

359 3608 386 3675 2)
406 3601 485 3660 οἷκον
503 3604 586 3660 Vind.

357 3689 383 3755 3)
403 3685 437 3740 cf.
459 3690 500 3754 18,
515 3691 580 3753 422ς
605 3693 648 3754 28,
664 3692 722 3740 510.
753 3685 823 3754 ἀνὴρ
852 3685 921 3754 ἔχων
949 3686 1032 3740 ἔνδον
1059 3695 1108 3756 τῆς
1136 3685 1242 3756 κοιλίης
1270 3683 1417 3753 ἀπόστημα
1444 3684 1570 3752 προσή-

268 3769 285 3820 δ
291 3785 390 3832 ρενεν
408 3774 466 3827 τοῖς
485 3761 610 3831 ἐνδόξοις
627 3767 736 3827 τούτοις
754 3766 802 3819 καὶ
821 3767 953 3835 φοβεροῖς
973 3766 1078 3832 ἰατροῖς
1097 3772 1121 3833 5,
1137 3772 1197 3819 332.
1218 3766 1252 3818 cf.
1271 3763 1465 3832 προσεδρεύων
1483 3762 1514 3816 δὲ
1532 3768 1570 3834 τῷ

269 3845 336 3917 οίκῳ
355 3855 410 3900 τῶν
429 3842 516 3914 ἁγίων
535 3851 560 3912 4,
576 3851 634 3898 328.
666 3843 858 3911 προσεδρεύων
877 3836 913 3910 ἦν
931 3852 989 3904 τοῖς
1007 3842 1098 3913 ἁγίοις
1118 3851 1159 3913 17,
1175 3850 1234 3898 414,
1267 3843 1439 3910 προσήδρευε
1458 3843 1486 3895 in
1506 3841 1571 3911 Cyri

268 3927 297 3979 et
318 3923 430 3978 Ioannis
454 3925 596 3978 miraculis
621 3931 663 3992 28,
679 3929 747 3977 3505
759 3925 788 3976 B.
810 3923 843 3976 cf.
864 3924 1085 3990 παρεδρεύοντες
1106 3924 1144 3977 ib.
1159 3930 1203 3991 48,
1219 3929 1287 3976 3601
1299 3923 1327 3976 G.
1364 3921 1466 3975 Itidem
1485 3940 1569 3990 προσ-

268 4004 389 4071 εδρεύων
411 4009 448 4077 τῷ
467 4008 526 4076 θεῷ
545 4007 591 4073 (sc.
612 4003 790 4073 Aesculapio)
809 4003 843 4056 de
863 4002 956 4056 Salvio
975 4004 1098 4072 consule,
1117 4022 1141 4058 v.
1161 4020 1246 4072 supra
1264 4021 1290 4072 p.
1307 4008 1330 4056 9.
1347 4034 1381 4042 -
1403 4001 1572 4071 ceteroquin

270 4102 333 4136 cum
353 4085 387 4136 de
407 4084 491 4138 sacris
510 4082 667 4137 medicinae
687 4100 772 4137 causa
790 4083 1023 4153 frequentatis
1043 4086 1153 4154 agatur,
1173 4099 1294 4137 errorem
1312 4082 1479 4137 correxerim
1496 4081 1572 4136 Wel-

269 4162 353 4231 ckeri,
373 4164 422 4231 qui
446 4163 480 4216 de
503 4163 608 4232 templo
627 4163 789 4232 Aesculapii
812 4163 978 4218 Atheniensi
1002 4163 1101 4218 scribit
1123 4165 1194 4217 haec
1213 4163 1267 4234 (m.
1287 4163 1363 4218 Schr.
1377 4163 1417 4215 III
1431 4166 1488 4233 89):
1508 4163 1574 4230 „der

184 4254 187 4260 '
269 4248 316 4316 (sc.
337 4245 384 4298 der
410 4244 525 4311 Tempel)
549 4245 620 4297 acob
642 4243 716 4297 ιιίιεν
738 4244 817 4300 Stella
840 4260 875 4298 κα
897 4245 1039 4310 sebliessea
1061 4246 1092 4297 ίκ
1114 4245 1205 4298 Athea
1228 4244 1335 4299 όανιαίε
1357 4244 1433 4298 nieht
1454 4245 1514 4298 sehr
1532 4245 1573 4297 be·
1607 4247 1610 4250 ’

269 4326 347 4379 sucht
364 4328 448 4378 κακέ(
484 4321 645 4376 Adnotatur
668 4325 713 4378 Ar.
733 4325 806 4380 Plut.
821 4343 847 4379 v.
863 4331 915 4378 664
926 4343 979 4393 sq.:
1004 4318 1076 4391 ἦσαν
1099 4323 1132 4378 δέ
1153 4343 1227 4387 τινες
1255 4324 1350 4379 κᾶλλοι
1373 4321 1500 4392 δεόμενοι
1523 4331 1573 4376 τοῦ

270 4408 354 4473 θεού;
375 4399 414 4465 είς
433 4399 483 4470 μέν
501 4421 532 4472 γε
552 4402 729 4472 Νεοκλείδης.
767 4405 871 4458 Tamen
891 4423 914 4456 v.
931 4410 981 4457 667
1001 4407 1133 4458 secuntur
1151 4403 1239 4473 ἕτεροί
1257 4423 1286 4458 τε
1304 4403 1434 4458 πολλοίῖ

359 4486 387 4554 4)
405 4483 459 4536 Pro
474 4481 504 4538 ἐν
515 4515 547 4522 -
559 4481 765 4552 ἐπιφάσκοντος
779 4484 860 4538 Vind.
877 4483 991 4538 exhibet
1004 4485 1087 4540 haec:
1102 4483 1171 4538 καθ’
1190 4482 1307 4552 ἑκάστην
1322 4484 1353 4538 ἐν
1366 4487 1404 4554 τῷ
1422 4481 1570 4554 πανσέπτφ

271 4564 364 4618 αὐτῶν
384 4562 458 4636 οίιιφ.

315 4713 316 4716 ¹
360 4644 386 4712 ὁ)
406 4643 440 4696 cf.
462 4659 545 4719 supra
563 4661 589 4712 p.
606 4648 649 4712 65,
665 4649 687 4697 1.
