3550 5317
580 322 621 377 De
640 322 793 377 incubandi
811 322 914 377 ritibus
933 323 1130 393 symbolisque.
1460 325 1504 388 45

198 489 304 551 vertes
328 485 412 549 inter
439 485 682 567 inscriptionem
711 486 861 570 primam,
890 508 971 569 quae
1000 488 1063 549 fine
1091 508 1219 571 quoque
1248 508 1306 550 suo
1329 510 1348 551 a
1371 487 1504 571 reliquis

199 583 349 647 nonnihil
373 582 521 667 discedit,
551 586 582 646 et
610 583 836 666 inscriptiones
865 589 1034 668 sequentes
1063 608 1132 650 esse
1160 585 1291 669 aliquod
1319 586 1505 672 discrimem

201 686 333 745 sanatur
356 681 441 745 enim
465 684 616 766 aegrotus
641 679 739 744 subl
763 682 915 746 actione
939 679 1077 765 quadam
1100 684 1245 768 mystica,
1268 683 1390 747 accedit
1417 706 1505 747 aram

200 776 339 864 (λβῆμα)
364 799 486 842 sacram
509 799 642 861 eamque
667 778 838 861 osculatur,
862 801 880 842 a
904 778 1016 844 dextra
1033 780 1180 863 procedit
1197 780 1232 844 in
1250 780 1415 845 sinistram
1434 804 1504 864 par-

197 878 273 960 tem,
297 876 418 961 digitos
441 898 551 940 omnes
575 876 610 939 in
633 897 688 939 ara
711 877 813 960 ponit,
836 875 924 940 tollit
942 900 1072 941 manum
1093 878 1256 961 oculisque
1279 879 1388 942 eadem
1406 902 1505 942 manu

200 973 354 1057 imposita
371 978 510 1037 sanatur.
548 972 614 1038 Sub
629 971 661 1036 II
679 971 728 1037 ΠΙ
747 971 794 1037 IV
813 995 888 1037 vero
912 996 972 1039 res
992 976 1173 1058 quaedam
1191 975 1397 1060 adhibentur3
1421 978 1506 1059 quod

200 1076 308 1135 autem
331 1071 372 1134 ad
394 1070 452 1135 has
476 1092 527 1135 res
551 1072 677 1155 attinet,
705 1071 810 1154 primo
836 1071 953 1136 obtutu
977 1072 1116 1136 elucebit
1144 1077 1229 1138 certe
1255 1074 1427 1138 nonnullas
1456 1096 1505 1137 ea-

201 1192 273 1233 rum
295 1169 330 1233 in
353 1168 580 1233 chthoniorum
604 1168 693 1233 cultu
716 1168 834 1233 habere
857 1169 999 1252 aliquam
1024 1170 1301 1254 significationem.
1346 1170 1415 1235 lam
1443 1172 1504 1235 sin-

201 1267 276 1353 gula
299 1270 374 1331 sunt
397 1267 571 1331 tractanda.

287 1363 328 1429 Π.
353 1364 388 1430 ἐκ
416 1374 476 1430 τοῦ
503 1365 674 1451 τριβάμου
702 1359 779 1450 ἆραι
808 1364 936 1450 τέφραν
967 1363 1022 1429 καὶ
1053 1363 1122 1450 μετ’
1155 1372 1251 1431 οἴνου
1283 1367 1505 1453 άναφυρᾶσαι.

201 1462 291 1527 Ciuis
315 1460 449 1549 (τέφρα)
474 1483 544 1526 eam
568 1461 700 1526 obrem
724 1462 856 1526 sanandi
880 1462 1011 1526 exhibet
1033 1464 1108 1547 vim,
1133 1464 1208 1547 quia
1235 1464 1269 1527 in
1296 1487 1351 1528 ara
1375 1470 1423 1529 est
1446 1465 1506 1550 dei,

200 1562 309 1643 itaque
333 1580 421 1623 sacer
450 1580 487 1622 ac
516 1559 669 1623 salutifer.
716 1557 860 1635 Quocum
888 1561 1034 1625 conferas
1061 1561 1304 1644 inscriptionem
1331 1584 1371 1626 ex
1398 1560 1505 1627 Ascle-

201 1660 274 1741 pieo
297 1655 454 1741 hebenio,
477 1678 540 1739 qua
563 1658 737 1721 curationis
764 1658 981 1743 fragmentum
1013 1659 1107 1722 nobis
1134 1660 1273 1722 traditur
1299 1658 1504 1747 (Philologus

198 1753 335 1819 XLVHI
358 1752 438 1840 402)
472 1777 501 1817 v.
521 1754 576 1819 12:
604 1750 674 1819 εἶτα
700 1758 819 1821 κονίαν
846 1756 910 1821 ιἰπὸ
939 1764 996 1838 τῆς
1023 1757 1130 1841 λεράς
1158 1759 1308 1822 σποδοῦ
1336 1755 1392 1844 (sc.
1415 1781 1502 1841 prae

199 1853 330 1935 scripsit
353 1849 453 1938 deus).
490 1851 539 1915 De
562 1854 637 1916 vino
661 1853 696 1916 in
718 1857 919 1917 mortuorum
938 1853 1028 1917 cultu
1046 1877 1074 1917 v.
1090 1852 1222 1939 Stengel
1242 1852 1295 1919 Gr.
1314 1855 1504 1920 Kultusalt.²

200 1974 229 2034 p.
247 1950 319 2015 132.
343 1950 383 2014 cf.
401 1948 491 2013 Diels
516 1948 581 2014 Sib.
600 1950 649 2014 Bl.
669 1974 699 2034 p.
716 1951 766 2034 71,
783 1952 810 2015 1.
834 1952 965 2034 Vinum,
988 1951 1103 2035 oleum,
1127 1952 1190 2015 mel
1214 1952 1249 2014 in
1272 1951 1382 2016 eodem
1401 1953 1503 2023 cultu:

198 2073 227 2113 v.
246 2047 359 2112 Rohde
377 2045 520 2131 Psyche²
538 2046 553 2112 I
572 2048 646 2113 231.
684 2048 814 2133 Vinum,
832 2047 891 2133 lac,
909 2048 973 2112 mel
992 2050 1025 2111 in
1044 2048 1134 2112 cultu
1153 2048 1320 2113 chthonio:
1339 2049 1504 2115 Dieterich

198 2144 319 2210 Abrax.
339 2168 369 2228 p.
386 2143 494 2209 158A.
530 2146 653 2211 Vinum
676 2146 710 2209 in
737 2147 883 2230 magicis:
907 2146 1011 2210 Wcss.
1031 2144 1085 2209 Gr.
1103 2146 1163 2209 ZP.
1178 2146 1231 2229 43,
1246 2146 1320 2211 908.
1348 2148 1390 2211 id.
1412 2147 1504 2213 Neue

200 2242 253 2308 Gr.
272 2243 332 2307 ZP.
351 2242 481 2326 25,171
499 2274 541 2295 =
555 2242 635 2306 Ken.
651 2242 702 2327 89,
719 2244 791 2307 171.
810 2243 853 2307 ib.
872 2243 925 2307 W.
943 2244 1006 2307 179
1021 2275 1063 2296 =
1078 2243 1117 2306 K.
1134 2244 1206 2308 179.
1229 2244 1370 2327 Parthey
1384 2266 1414 2327 p.
1431 2247 1503 2330 120,

201 2341 252 2405 10.
267 2341 324 2426 233
351 2339 676 2425 124,171;152,74.
709 2346 805 2405 ολνου
827 2341 987 2426 κεράμιον
1016 2338 1135 2404 Abrax.
1161 2341 1233 2420 179,
1250 2342 1278 2405 7.
1306 2338 1398 2418 οἶνος
1420 2343 1504 2408 ἀθά-

199 2444 319 2514 λασσος
346 2437 388 2501 ib.
415 2437 487 2520 171,
506 2437 562 2522 21;
593 2438 731 2522 172,13.
760 2438 799 2502 of.
821 2438 895 2523 181,
909 2439 982 2522 2sq.
1006 2434 1097 2514 οἶνος
1124 2440 1304 2521 Αἰγύπτιος
1326 2438 1429 2504 Wcss.
1450 2440 1503 2505 (ir.

198 2536 258 2600 ZP.
279 2535 331 2618 80,
346 2533 443 2598 2371.
468 2530 561 2610 οἶνος
584 2535 776 2612 άδάλασσος
798 2536 984 2619 Αἰγύπτιος
1006 2534 1084 2600 Abr.
1104 2536 1179 2619 204,
1193 2536 1222 2599 3.
1255 2532 1347 2613 οἶνος
1369 2540 1505 2623 Μενδή-

198 2652 268 2711 σιος
291 2631 394 2697 Wess.
414 2630 467 2697 Gr.
486 2631 547 2695 ZP.
565 2632 619 2717 40,
636 2633 708 2697 768.
733 2633 873 2718 Parthey
891 2635 962 2717 122,
973 2633 1068 2717 85sq.
1087 2631 1235 2721 (oiinfra
1247 2657 1278 2718 p.
1292 2632 1360 2721 47.)
1383 2635 1503 2702 σπένδε

199 2734 283 2816 γάλα
306 2729 380 2815 μέλι
400 2726 495 2796 οἶνον
514 2732 627 2796 ἔλαιον
645 2730 748 2795 Wcss.
769 2730 822 2797 (ir.
837 2730 897 2795 ZP.
914 2731 965 2817 75,
978 2731 1119 2815 2192sq.
1143 2733 1227 2815 γάλα
1250 2728 1345 2798 οἶνον
1368 2734 1502 2819 ὕδωρ...

199 2829 319 2896 σπένδε
342 2828 462 2893 Abrax.
481 2828 556 2912 204,
569 2829 601 2893 4.
624 2831 774 2913 σπονδὴν
796 2828 962 2914 τέλε[συ]ν
988 2828 1053 2914 άπὸ
1078 2836 1174 2894 οἴνου
1204 2828 1260 2894 καὶ
1287 2829 1417 2915 μέλιτος
1447 2831 1502 2897 καὶ

203 2927 365 3012 γάλακτος
396 2925 451 2991 καὶ
484 2924 626 3011 ὀμβρίου
665 2926 787 3003 ὕδατος
818 2926 960 3010 Parthey
994 2927 1071 3011 128,
1094 2926 1213 3011 286sq.
1245 2928 1285 2992 of.
1321 2928 1412 2993 Riels
1436 2952 1459 2994 s.
1483 2952 1503 2993 v

198 3024 330 3109 Abergl.
349 3023 391 3096 66
398 3046 444 3107 sq.
794 3054 797 3061 ·

285 3120 342 3185 ΠΙ.
366 3121 401 3186 ἐκ
433 3130 494 3185 τοῦ
517 3122 686 3208 τριβώμου
709 3117 786 3209 ἆραι
813 3126 954 3198 κόκκους
981 3126 1161 3208 στροβίλου
1187 3123 1243 3188 καὶ
1273 3136 1393 3208 φαγεῖν
1421 3128 1502 3209 μετά

198 3221 328 3306 μέλιτος
357 3218 410 3285 ἐπὶ
439 3230 527 3303 τρεῖς
554 3218 685 3305 ἡμέρας.
721 3223 834 3285 κόκκοι
862 3224 1054 3307 στροβίλου,
1083 3221 1168 3284 siin
1195 3244 1250 3285 ara
1277 3224 1376 3304 positi
1403 3228 1503 3307 erant,

199 3319 350 3384 videlicet
381 3316 573 3400 Aesculapio
598 3318 866 3383 sacrificabantur.
900 3322 1073 3404 στρόβιλος
1100 3324 1149 3382 est
1171 3320 1278 3404 pinea,
1305 3343 1372 3383 nux
1398 3322 1503 3404 pinus,

199 3416 483 3497 ‘Fichtenzapfent
527 3413 738 3499 Aesculapius
758 3415 927 3499 Sicyonius
946 3438 965 3479 a
984 3414 1146 3479 Calamide
1164 3417 1269 3481 factus
1286 3417 1387 3483 altera
1405 3441 1501 3482 manu

198 3515 328 3597 pineam
365 3509 536 3598 tenebat1).
592 3511 645 3577 Ad
676 3517 883 3577 monumenta
918 3513 1004 3597 quod
1039 3514 1169 3597 attinet,
1203 3514 1242 3578 cf.
1274 3514 1501 3579 Thraemerum

198 3612 232 3675 in
255 3610 410 3675 Rosoheri
438 3609 499 3673 lex.
523 3609 625 3693 myth.
648 3633 671 3675 s.
693 3634 722 3674 v.
745 3608 917 3693 Asklepios
940 3632 970 3693 p.
994 3610 1068 3675 628.
1114 3610 1241 3675 Corona
1267 3612 1362 3695 pinea
1389 3616 1502 3676 omata

199 3714 248 3774 cst
279 3731 379 3793 parva
412 3711 518 3772 statua
550 3704 735 3791 Aesculapii
766 3707 996 3791 Berolinensis,
1028 3732 1056 3773 v.
1084 3707 1257 3773 Thraemer
1288 3709 1501 3793 Pauly-Wiss.

199 3831 229 3891 p.
246 3806 340 3872 1681.
391 3805 430 3870 In
452 3806 558 3891 Longi
584 3805 804 3870 Pastoralibus
831 3805 929 3870 Panis
956 3809 1063 3869 statua
1090 3805 1149 3869 sub
1177 3806 1256 3889 pinu
1283 3809 1389 3890 posita
1411 3812 1460 3873 est
1478 3807 1500 3895 )

198 3903 355 3969 Attendas
385 3903 505 3967 Panem
535 3903 602 3967 fere
635 3903 769 3967 eundem
798 3925 865 3969 esse
897 3925 935 3967 ac
965 3900 1157 3989 Faunumss),
1189 3904 1241 3966 cui
1268 3905 1500 3971 incubaverunt

196 4001 305 4067 Numa
328 4005 360 4065 et
382 4002 524 4065 Latinus.
569 4003 683 4083 „pinus
707 4007 800 4084 proto
827 4004 917 4066 deam
942 3999 1416 4087 mutrt“0v.Met.X103sq.
1461 4003 1500 4066 In
1623 4030 1630 4041 *

200 4097 465 4181 Thesmophoriis
495 4100 728 4182 λαμβάνουσι.
748 4100 884 4164 ,κώνου
910 4096 967 4184 (=
982 4096 1175 4184 στροβίλου)
1202 4104 1351 4177 θαλλοὺς
1379 4103 1434 4165 διὰ
1461 4103 1499 4165 τὸ

198 4198 389 4279 πολύγονον
406 4205 466 4260 τοῦ
486 4205 603 4279 φυτοῦ.
624 4196 841 4281 ἐμβάλλονται
860 4192 897 4260 δὲ
916 4194 970 4260 καὶ
989 4197 1036 4272 εἰς
1054 4198 1094 4260 τά
1112 4195 1238 4283 μέγαρα
1257 4197 1362 4275 οὕτως
1380 4200 1499 4263 καλοό-
1578 4287 1580 4290 Ι

270 4390 314 4489 ε1)
332 4387 413 4442 Paua.
429 4387 455 4440 ll
470 4392 511 4456 10,
526 4393 555 4443 3:
575 4387 628 4457 ἔχει
648 4387 679 4443 δὲ
698 4388 724 4460 (δ
742 4389 820 4458 θεὸς)
840 4433 845 4443 .
867 4430 873 4442 .
894 4432 901 4442 .
920 4388 966 4442 ἐπὶ
984 4397 1033 4459 τῆς
1052 4387 1147 4457 ἑτέρας
1164 4391 1256 4460 χειρὸς
1272 4387 1371 4451 πίτυος
1383 4389 1497 4466 Ικαρπὸν

196 4478 245 4540 τῆς
262 4466 445 4609 η’έξρῖδὶιςοε
463 4539 489 4591 Π
504 4544 573 4608 ειν
592 4557 618 4608 p.
634 4544 695 4608 ενι,
706 4545 738 4594 ιι
757 4539 888 4594 Hercher.

287 4621 313 4689 3)
332 4618 488 4673 Maenalius
513 4619 582 4673 deus
606 4620 642 4673 de
663 4620 760 4674 Fauno
788 4620 835 4676 Ov.
860 4621 935 4674 Fast.
959 4619 997 4672 IV
1017 4626 1077 4674 650.
1114 4619 1270 4675 Maenalius
1293 4646 1327 4665 =
1350 4619 1496 4693 Arcadius,

197 4700 318 4755 Arcadia
336 4699 427 4755 Panis.
