3550 5317
676 300 718 355 De
737 299 920 355 incubatione
939 301 1102 355 christiana.
1496 302 1538 365 87

232 467 402 548 μόλιςέίς
429 465 628 549 τούδαφος
651 463 747 529 ἔκειτ’
779 465 906 548 ὀδύνην
935 467 1121 550 οίμώζουσα
1144 465 1196 549 26,
1210 462 1347 529 34814.
1376 465 1397 548 ῆ
1421 462 1458 529 δὲ
1478 517 1484 528 .
1504 517 1537 529 ..

230 571 270 648 τῆ
294 571 475 648 στρωμνῆ
497 573 558 627 τοῦ
582 562 705 650 ἀνδρὸς
728 563 922 641 ἀτενίζουσα
944 563 974 646 5,
990 563 1119 627 2433Β.
1151 572 1209 646 τῆς
1236 571 1439 649 στρωμνῆς
1467 561 1538 627 ἀνι-

231 661 392 744 στάμενος
407 661 457 743 18,
472 658 605 724 3477A.
629 659 779 747 ἐγερθεὶς
801 662 858 744 τῆς
882 670 1085 748 στρωμνῆς
1108 660 1150 725 ib.
1169 660 1234 725 ἀπὸ
1252 669 1310 744 τῆς
1333 669 1538 747 στρωμνῆς

161 772 163 775 ’
231 757 447 842 ἀνιστάμενος
481 758 532 843 23,
548 758 634 822 3488
645 758 684 822 D.
738 766 796 841 τῆς
833 767 1037 844 στρωμνῆς
1074 757 1217 834 ἀναστάς
1253 757 1295 822 ib.
1329 755 1448 822 ἑαυτὸν
1484 757 1537 842 έμ-

230 857 343 940 βαλὼν
362 907 369 920 .
389 907 396 920 .
416 908 422 920 .
442 857 667 942 στρώμασι.
687 908 694 920 .
715 907 721 920 .
745 855 926 940 ἀφύπνωσε
949 856 1001 940 36,
1016 853 1152 920 3557A.
1176 854 1229 922 ἐπὶ
1252 864 1310 939 τῆς
1333 865 1537 940 στρωμνῆς

230 952 248 1018 ὁ
268 952 424 1038 Ἰωάννης
448 953 629 1019 ἐκάθευδεν
652 954 704 1038 37,
719 952 850 1018 35610.
874 952 984 1020 ύπνου
1003 950 1040 1019 δὲ
1059 951 1113 1019 καλ
1132 954 1370 1039 στρωμάτων
1393 952 1536 1030 ἀναστάς

230 1050 287 1136 4⁶2,
307 1049 394 1115 3585
404 1051 442 1116 D.
483 1051 643 1138 φανέντες
672 1054 735 1136 γάρ
769 1051 858 1138 αὐτῷ
888 1051 964 1116 καθ’
999 1051 1127 1128 ύπνους
1155 1050 1210 1116 καὶ
1240 1051 1456 1137 στρωμνάς,
1487 1051 1536 1127 ώς

232 1150 423 1214 εἰώθασιν
446 1149 498 1236 43,
513 1148 599 1213 3588
610 1150 648 1215 D.
677 1149 838 1214 ἐκάθευδε
862 1147 1009 1234 Πιαμὼθ
1032 1148 1085 1214 έπλ
1109 1149 1313 1234 στρώματα
1335 1149 1389 1233 49,
1403 1147 1535 1212 3605D.

229 1246 411 1312 ἐκάθευδεν
429 1244 466 1313 δὲ
484 1247 537 1313 ἐπὶ
556 1257 613 1332 τῆς
636 1253 841 1335 στρωμνῆς
863 1246 881 1312 ὁ
906 1247 1061 1323 διάκονος
1075 1247 1127 1330 61,
1141 1245 1271 1310 36370.
1294 1245 1454 1330 φανέντες
1471 1248 1534 1332 γὰρ

229 1345 317 1430 αὐτῷ
343 1398 349 1409 .
373 1397 380 1409 .
404 1395 411 1409 .
436 1344 488 1410 ἐπὶ
514 1357 582 1410 τῶν
609 1347 811 1431 στρωμάτων
835 1344 1039 1410 καθεύδοντι
1066 1344 1119 1427 65,
1133 1343 1269 1409 36481).
1306 1343 1449 1420 ἀναστάς
1471 1346 1534 1429 γάρ

228 1441 302 1526 μεθ’
330 1441 439 1508 ύπνον
462 1452 522 1508 τοῦ
546 1444 773 1530 στρώματος
797 1442 849 1527 69,
863 1442 952 1506 3664
962 1439 1000 1507 Α.
1024 1441 1084 1520 νὺξ
1108 1437 1160 1525 ήν,
1182 1439 1237 1506 καλ
1261 1444 1462 1525 Σωφρόνιος
1480 1441 1534 1506 ἐπὶ

228 1551 295 1604 τῶν
308 1539 545 1624 στρωμάτων
561 1539 720 1606 ἐκάθευδε
739 1539 922 1626 7636694.
951 1551 1102 1627 στρῶσις,
1117 1543 1288 1624 στρωμναί
1304 1538 1533 1622 67,3653Β.0.

230 1676 271 1684 -
296 1635 433 1701 Anticus
456 1638 490 1702 in
513 1639 583 1722 ipsa
606 1642 691 1702 terra
714 1638 885 1703 incubandi
908 1639 989 1702 ritus
1012 1637 1175 1722 perlucere
1202 1637 1283 1701 mihi
1313 1637 1440 1702 videtur
1462 1639 1532 1701 mir.

227 1735 284 1818 24,
303 1735 441 1800 349213:
480 1736 568 1800 dives
605 1738 721 1801 mulier
756 1740 852 1819 atque
888 1759 1010 1820 pauper
1046 1736 1157 1801 ecdem
1193 1740 1337 1819 tempore
1376 1739 1532 1819 martyres

228 1835 359 1919 adeunt3
381 1833 401 1917 ῆ
425 1830 486 1918 μὲν
509 1835 573 1920 γάρ
595 1836 655 1900 τὸν
678 1836 780 1918 ὄγκον
807 1834 867 1899 οὐκ
895 1834 1109 1917 ἀποβαλοῦσα
1136 1834 1196 1898 τὸν
1222 1834 1393 1918 μάταιον.
1417 1884 1423 1898 .
1449 1884 1455 1897 .
1479 1831 1532 1898 ἐπὶ

225 1935 341 2015 κλίνης
363 1932 427 2016 πρὸ
450 1941 510 1997 τοῦ
539 1935 707 2018 μνήματος
734 1935 850 1997 ἔκειτο·
878 1932 899 2015 ῆ
923 1928 966 1996 ’δὲ
994 1930 1064 2010 ἔξω·
1082 1932 1146 2018 πρὸ
1175 1940 1234 1996 τοῦ
1261 1936 1416 2008 πυλῶνος
1444 1931 1532 2016 ἐκβέ-

225 2032 327 2113 βλητο
352 2081 358 2094 .
383 2081 389 2094 .
414 2080 420 2094 .
445 2029 480 2094 οί
500 2027 537 2095 δὲ
559 2031 723 2116 μάρτυρες
746 2037 825 2107 ι’σως
848 2028 1050 2116 ἀμφοτέραις
1068 2028 1256 2115 ἐφαίνοντο.
1293 2028 1436 2093 Divitem
1454 2052 1530 2095 vero

226 2127 417 2191 adlocuntur
439 2129 500 2192 hcc
523 2128 632 2192 modo:
656 2132 691 2192 τί
710 2131 929 2212 κατείληφας.
947 2179 954 2192 .
969 2129 1028 2193 τὸν
1052 2128 1155 2211 σηκὸν
1177 2126 1237 2192 τὸν
1254 2125 1427 2212 ῆμέτερον;
1451 2127 1530 2192 ἀπο-

132 2231 136 2238 “
227 2228 400 2309 κριθείσης
424 2221 475 2307 δὲ,
503 2225 548 2301 ώς
575 2225 689 2308 ὑγείας
715 2237 828 2310 τυχεῖν
856 2225 1068 2309 ἐπιθυμοῦσα
1095 2222 1149 2288 καὶ
1178 2223 1324 2309 ῥώσεως,
1353 2226 1384 2288 εί
1409 2223 1530 2309 θέλεις,

228 2323 342 2406 φασίν,
366 2331 468 2387 ταῦτα
491 2323 575 2408 πρὸς
597 2322 691 2407 ήμῶν
713 2323 796 2408 άπερ
821 2318 914 2399 εἶπας
936 2325 1153 2406 κομίσασθαι,
1181 2321 1353 2406 ἀποβαλοῦ
1381 2339 1443 2387 σου
1471 2325 1530 2388 τὸν

225 2421 392 2504 κράβατον
414 2417 469 2484 καλ
493 2423 548 2496 είς
571 2422 772 2504 τοῦδαφος
799 2419 1036 2504 άνακλίθητι
1060 2472 1067 2484 .
1091 2471 1097 2484 .
1122 2471 1129 2484 .
1152 2418 1207 2484 καὶ
1237 2428 1277 2504 τῆ
1304 2416 1365 2503 μὲν
1391 2422 1530 2504 ῆρκεσεν

225 2518 244 2601 ή
269 2521 522 2602 χαμαικοιτία
544 2518 627 2606 πρὸς
650 2520 764 2584 ἀκεσιν
788 2569 794 2582 .
819 2570 825 2583 .
850 2571 856 2582 .
879 2520 946 2603 ἀμα
970 2516 1075 2605 χάρή
1103 2519 1163 2582 τὸν
1192 2518 1330 2603 θώρακα
1357 2519 1529 2604 πάσχουσα

224 2613 328 2702 (dives
351 2612 421 2701 illa)
446 2614 507 2680 ἐπὶ
534 2625 602 2700 γῆς
630 2616 822 2700 ἀνεκλίθη
851 2621 994 2681 λιποῦσα
1015 2617 1075 2681 τὸν
1101 2617 1282 2701 κράβατον,
1309 2625 1369 2681 τοῦ
1396 2615 1529 2694 πάθους

224 2713 419 2796 ἀπήλλακτο.

312 2809 362 2875 Ne
397 2811 598 2876 delectabilia
627 2813 744 2895 desint,
774 2814 971 2878 curationem
999 2813 1166 2878 adnectam
1195 2811 1281 2877 Gesii
1312 2813 1441 2896 medici,
1473 2817 1528 2897 qui

228 2930 420 2991 quamquam
445 2909 586 2974 deridere
610 2911 734 2975 solebat
757 2915 893 2994 sanctos,
916 2915 1024 2974 tamen
1051 2910 1164 2975 morbo
1192 2911 1323 2976 affectus
1350 2916 1527 2996 martyrum

224 3007 381 3092 templum
411 3008 603 3093 adgreditur.
650 3008 711 3073 Ter
741 3010 769 3072 ci
801 3013 955 3094 apparent
978 3010 1080 3072 sancti
1107 3009 1252 3094 neglecto
1280 3010 1420 3074 remedio
1448 3011 1528 3074 indi-

225 3110 310 3189 cat03
332 3107 461 3169 tertiam
485 3107 621 3189 denique
644 3111 719 3192 post
741 3111 868 3171 noctem
893 3109 1016 3171 iussum
1040 3107 1225 3189 exsequitur
1242 3111 1338 3190 atque
1361 3109 1399 3172 τὸ
1419 3119 1526 3193 σᾶμμα

225 3201 280 3290 (sc.
291 3201 387 3291 ὄνου)
402 3255 408 3268 .
424 3203 491 3268 .έπ’
507 3203 686 3290 ώμουςῖκαὶ
701 3216 808 3271 νῶτον
823 3205 986 3290 ἀράμενος
999 3204 1062 3269 κάν
1075 3211 1122 3291 τῷ
1140 3208 1291 3292 τραχήλῳ
1309 3204 1453 3291 φορέσας
1467 3209 1526 3272 τὸν

222 3302 362 3366 κώδωνα
379 3300 434 3366 καὶ
457 3303 517 3366 τὸν
535 3303 673 3385 χαλινὸν
696 3302 807 3379 ἐνθεὶς
829 3311 868 3388 τῆ
887 3308 1014 3387 κεφαλῆ
1038 3300 1093 3367 καλ
1116 3312 1162 3389 τῷ
1182 3305 1318 3386 στόματι
1332 3313 1392 3368 τοῦ
1407 3306 1526 3381 παιδὸς

223 3400 366 3463 ὄπισθεν
398 3400 507 3464 εἵπετο
540 3399 603 3466 ἀνά
633 3401 670 3465 τὸ
700 3399 835 3484 τέμενος
864 3402 1004 3483 ἀμοντος
1032 3399 1096 3464 κάν
1126 3401 1233 3486 τούτῳ
1259 3403 1338 3476 τοὺς
1366 3402 1526 3477 διαύλους

222 3495 384 3572 ἀνύοντος
408 3494 501 3583 (δέκα
524 3493 560 3561 δὲ
583 3491 677 3580 ήσαν,
701 3498 746 3574 ώς
769 3512 873 3581 φασιν
901 3499 937 3562 oi
960 3495 1208 3584 percalcantes),
1235 3500 1272 3562 τὸ
1302 3498 1423 3583 “μωρός
1446 3499 1524 3583 εἰμι’

221 3595 349 3678 κράζων
359 3597 544 3677 συχνότατα
553 3594 605 3676 30,
616 3593 747 3659 3520A.
766 3595 837 3660 Hoc
847 3595 903 3659 ubi
912 3600 1117 3680 praeceptum
1127 3596 1318 3680 observavit,
1328 3600 1456 3660 sanatus
1467 3601 1523 3660 est.

309 3691 367 3756 Nil
390 3692 590 3756 adiciendum
614 3714 683 3756 esse
701 3697 859 3776 putamus.
896 3692 1039 3778 Apparet
1058 3692 1176 3777 Cyrum
1201 3697 1233 3757 et
1255 3692 1407 3758 Ioannem
1429 3694 1524 3777 plane

220 3790 332 3854 ecdem
362 3791 457 3855 modo
489 3813 552 3872 quo
581 3789 729 3855 Oosmam
758 3795 790 3855 ct
820 3791 1014 3855 Damianum
1043 3814 1101 3874 per
1132 3791 1369 3856 incubationem
1397 3813 1523 3856 curasse

220 3892 376 3973 aegrotos.
409 3886 593 3972 Aesculapii
607 3890 725 3953 iamata
738 3889 791 3953 hic
810 3879 937 3972 quoque
952 3890 1079 3973 saepius
1093 3888 1154 3952 tibi
1168 3890 1299 3953 veniant
1317 3889 1351 3953 in
1369 3893 1523 3975 mentem3

221 3989 414 4069 quantopere
436 3985 490 4050 hic
512 3986 684 4051 incubandi
706 4009 783 4051 usus
803 4007 875 4050 cum
898 3990 1043 4051 veterum
1065 3986 1209 4049 moribus
1232 3991 1396 4072 congruat,
1420 3987 1524 4053 clucet

220 4083 378 4166 imprimis
397 4106 413 4146 c
432 4084 502 4147 mir.
522 4084 574 4166 27,
588 4082 676 4148 3500
686 4082 728 4148 A:
751 4088 855 4167 γνοὺς
873 4079 911 4147 δὲ
933 4084 1057 4159 πάντας
1076 4084 1121 4160 ώς
1140 4081 1240 4149 οὐδὲν
1257 4087 1340 4170 πρὸς
1358 4086 1394 4151 τὸ
1413 4087 1523 4164 πάθος

221 4180 395 4264 ἰσχύουσιν
424 4177 479 4244 καλ
508 4179 676 4262 ἀπογνοὺς
704 4182 742 4246 τὸ
772 4180 828 4247 ὑπ’
861 4181 972 4245 αὐτῶν
1005 4187 1211 4267 λυτροῦσθαι
1238 4181 1293 4248 καλ
1325 4181 1521 4271 σώζεσθαιῑ)

223 4482 226 4488 .
309 4441 334 4511 1)
362 4441 396 4496 cf.
420 4461 446 4512 p.
471 4447 512 4509 70,
523 4447 546 4497 5.
593 4443 615 4496 Ε
648 4443 712 4513 Cyri
748 4444 917 4514 Ioannisquc
949 4444 1092 4500 miraculis
1123 4464 1175 4516 pro
1206 4445 1304 4500 multis
1337 4444 1520 4500 exscribimus

218 4529 262 4593 42,
278 4523 394 4577 3584D:
414 4521 504 4591 λέγειν
523 4521 555 4578 δὲ
573 4522 657 4578 πάλιν
676 4524 724 4578 καὶ
743 4524 789 4578 ἐπὶ
806 4525 907 4580 τούτου
925 4534 975 4580 τοῦ
993 4526 1149 4595 νοσήματος
1170 4537 1225 4581 τῶν
1244 4526 1347 4594 ἰατρῶν
1364 4525 1416 4593 τήν
1434 4523 1519 4580 ἀσθέ-

218 4621 298 4658 νειαν
317 4603 354 4667 ὡς
371 4611 457 4659 πᾶσιν
476 4599 563 4659 οὖσαν
582 4604 753 4659 εὐσύνοπτον
771 4604 991 4674 παραιτήσομαι·
1011 4606 1079 4676 δήλη
1098 4606 1151 4676 γὰρ
1171 4604 1241 4674 αῦτη
1260 4603 1447 4675 καθέστηκεν,
1465 4603 1520 4662 κάν

218 4682 296 4752 ἡμεῖς
314 4683 500 4752 σιωπήσωμεν.
