3550 5317
269 302 290 363 2
534 369 537 373 ,
850 299 943 368 Caput
959 299 979 353 I.

270 461 452 545 dispertitio
477 462 532 526 illa
555 461 711 525 tribuitur
736 461 924 546 ‘antiquis':
948 459 1012 527 εἰσὶ
1035 463 1099 547 γὰρ
1123 462 1270 547 διάφορα
1293 464 1333 527 τὰ
1359 463 1461 548 παρὰ
1490 474 1573 538 τοῖς

268 565 453 637 παλαιοῖς
475 559 649 643 τεθειμένα
667 570 737 636 τοῖς
758 558 835 625 καθ’
859 558 987 636 ὕπνους
1009 557 1233 648 φαινομέναις.
1271 557 1395 645 (Migne
1409 559 1570 643 Patrolog.

268 656 321 721 Gr.
341 660 363 721 t.
385 657 447 721 149
467 679 497 740 p.
513 657 577 721 608
592 655 645 745 Α.)
681 658 885 741 Nicephorus
909 654 1078 741 Gregoras,
1101 678 1240 740 quocum
1262 655 1446 720 Macrobius
1468 656 1571 719 multo

267 754 371 837 magis
409 754 559 839 congruit
600 776 697 837 quam
733 776 805 819 cum
837 752 1059 838 Artemidoro,
1090 776 1129 817 ex
1167 753 1277 817 eodem
1309 755 1398 818 fonte
1428 753 1572 817 hausisse

267 852 407 935 videtur,
441 852 479 915 de
506 873 570 934 quo
602 851 657 914 ille
690 852 856 916 scientiam
890 873 981 915 suam
1014 851 1183 936 derivavit,
1209 851 1394 915 Macrobius
1427 851 1511 914 enim
1539 851 1573 914 in

268 947 465 1031 explicandis
485 948 684 1012 somniorum
704 948 874 1033 generibus
894 949 1028 1012 eundem
1048 948 1198 1013 observat
1220 948 1378 1032 ordinem,
1401 970 1464 1033 quo
1488 948 1573 1031 apud

206 1104 210 1109 .
266 1044 487 1127 Nicephorum
516 1049 743 1109 enumerantur
776 1043 810 1133 (l.
830 1044 884 1131 c.):
918 1044 1015 1109 πέντε
1046 1046 1110 1131 γάρ
1143 1062 1225 1129 φασι
1257 1046 1386 1111 τούτων
1416 1040 1501 1110 εἶναι
1532 1046 1573 1109 τὰ

268 1144 355 1225 εἴδη·
380 1135 428 1206 ὧν
450 1144 487 1206 τὸ
511 1139 572 1227 μέν
595 1142 815 1227 ὀνομάζουσιν
838 1142 1012 1226 ένύπνιον,
1036 1143 1073 1207 τὸ
1097 1140 1134 1207 δὲ
1157 1144 1347 1228 φάντασμα,
1370 1144 1408 1207 τὸ
1436 1139 1473 1207 δὲ
1495 1166 1573 1228 χρη-

270 1241 448 1324 ματισμόν,
482 1241 519 1304 τὸ
557 1237 595 1304 δέ
627 1240 748 1326 ὅραμα,
782 1240 819 1305 τὸ
850 1237 888 1304 δέ
924 1242 1065 1323 ὄνειρον.
1120 1238 1265 1315 Quocum
1302 1238 1397 1323 plane
1432 1238 1573 1302 concinit

269 1336 455 1401 Macrobius
483 1336 557 1400 inde
585 1358 604 1399 a
637 1336 667 1421 3,
685 1337 716 1421 4,
752 1336 807 1399 ubi
841 1336 989 1401 diffusius
1018 1336 1145 1421 singula
1172 1340 1303 1401 tractat:
1335 1336 1495 1402 ἐνύπνιον
1523 1332 1572 1421 (4)

269 1434 443 1518 φάντασμα
472 1432 521 1520 (7)
546 1434 711 1498 oraculum
734 1431 784 1521 (8)
808 1433 891 1498 visio
915 1431 965 1520 (9)
989 1433 1149 1498 somnium
1179 1430 1259 1520 (10).
1309 1432 1377 1499 Nec
1400 1456 1465 1497 non
1488 1433 1573 1496 inter

269 1530 414 1612 exempla
444 1552 463 1593 a
492 1530 657 1595 Macrobio
688 1535 720 1595 et
748 1529 933 1614 Nicephoro
969 1530 1126 1616 Gregora,
1155 1535 1193 1594 ut
1222 1552 1339 1615 genera
1362 1530 1417 1594 illa
1448 1530 1573 1594 diversa

269 1628 478 1712 illustrarent,
496 1628 599 1692 allata
622 1628 745 1712 aliquid
767 1628 937 1692 intercedit
959 1627 1190 1692 similitudinis.

356 1724 530 1789 Artissime
552 1746 628 1789 vero
653 1747 725 1789 cum
747 1724 906 1788 Macrobii
928 1724 999 1788 loco
1023 1725 1246 1809 coniungenda
1269 1729 1357 1809 sunt,
1385 1746 1466 1808 quae
1489 1723 1574 1806 apud

268 1821 628 1906 Pseudo-Augustinum
643 1822 691 1885 De
711 1822 828 1905 spiritu
843 1825 875 1885 et
889 1821 997 1884 anima
1010 1820 1054 1885 25
1068 1825 1091 1885 t.
1105 1822 1150 1884 40
1164 1845 1194 1905 p.
1206 1822 1269 1886 798
1289 1822 1399 1907 Migne
1413 1821 1572 1906 leguntur.

271 1919 364 1996 Quod
386 1941 459 1983 cum
483 1941 522 1983 ex
545 1920 585 1983 iis
609 1919 721 2002 elucet,
745 1940 825 2003 quae
844 1918 898 1982 hio
916 1918 984 1982 illic
1007 1919 1046 1982 de
1064 1919 1264 1983 somniorum
1284 1918 1478 2002 dispertione
1501 1941 1573 2001 pro-

269 2017 429 2081 feruntur:
684 2018 686 2021 ’

457 2132 597 2195 Macrob.
616 2130 715 2215 13,2.
1073 2131 1342 2216 Ps-Augustinus
1365 2130 1385 2195 l.
1405 2151 1430 2194 c.

314 2230 512 2313 „omnium,
543 2250 635 2311 quae
670 2229 798 2293 cidere
833 2228 909 2292 sibi
975 2228 1573 2311 „omniumquaesibividereui-

270 2328 495 2391 dcrmicntes
525 2327 711 2409 uidentur,
748 2326 908 2407 quinque
934 2326 1068 2389 dentur
1121 2325 1359 2409 dormicates,
1412 2326 1575 2405 puinpue

268 2429 355 2487 sunt
381 2423 574 2506 principales
604 2428 634 2487 et
658 2424 849 2487 diversitates
879 2427 909 2486 et
934 2429 1023 2487 sunt
1046 2444 1175 2505 pencra;
1203 2424 1339 2487 uidelicet
1365 2421 1574 2500 oraculum,

269 2520 426 2584 nomina.“
459 2518 616 2584 Secuntur
638 2520 769 2583 nomina
792 2541 829 2583 eo
857 2541 906 2583 or·
934 2520 1044 2603 cisia,
1071 2522 1267 2604 somnium,
1294 2520 1525 2582 insomnium
1547 2523 1575 2581 et

272 2616 359 2701 dine,
387 2638 482 2700 quem
510 2616 734 2681 adnotavimus
758 2637 830 2700 pag.
852 2616 884 2701 1.Ι
928 2615 1184 2697 phantasma.“

271 2779 342 2839 tum
369 2776 509 2839 maxime
546 2774 802 2858 confirmabitur,
838 2794 911 2837 cum
943 2774 1087 2859 singulas
1125 2796 1235 2838 eorum
1272 2772 1447 2837 contuleris
1474 2772 1574 2856 expli-

272 2872 426 2938 cationes:

422 2996 562 3060 Macros.
581 2995 756 3081 13,4sqq.
991 2976 997 2987 ’
1154 2994 1357 3081 esurgunt.

314 3095 345 3159 4.
366 3100 439 3178 „cst
456 3096 539 3159 euim
559 3094 759 3177 ένύιινιον,
773 3093 911 3175 quotieas
981 3094 1226 3171 „insomnium
1240 3092 1438 3173 est,quando
1452 3090 1576 3171 idpuod

271 3213 361 3257 eura
384 3194 521 3274 oppressi
539 3192 642 3256 animi
659 3192 830 3273 corporisne
847 3180 911 3254 siue
935 3191 1169 3271 fatipauerat
1186 3188 1418 3271 cipilautem,
1436 3188 1577 3269 inperit

270 3291 430 3374 fortunae,
453 3289 556 3371 quatis
578 3289 798 3371 pipilantem
818 3289 910 3371 fati·
938 3308 974 3351 se
996 3289 1209 3364 dormienti;
1228 3288 1308 3351 sicut
1325 3291 1369 3350 est
1389 3286 1464 3349 cibi
1487 3306 1576 3348 eura

268 3392 437 3470 parerat,
469 3388 561 3451 tatem
592 3406 628 3450 se
654 3387 797 3470 inperit
826 3387 911 3450 dor·
937 3385 983 3450 cet
1001 3385 1129 3467 potut‘
1152 3405 1177 3448 c.
1196 3406 1226 3466 q.
1245 3408 1269 3448 s.

271 3486 405 3549 mienti
429 3533 591 3548 ......
610 3484 747 3566 corporis
747 3534 910 3563 ......

271 3584 301 3645 si
323 3582 460 3646 esuriens
486 3582 607 3645 cibum
636 3587 693 3646 aut
712 3580 841 3663 potum
868 3582 911 3646 si-

276 3680 354 3744 tiens
376 3680 549 3745 desiderem
573 3730 579 3743 .
604 3730 610 3742 .
635 3729 641 3742 .
664 3679 831 3744 uideatur.“

319 3873 347 3936 7.
371 3875 596 3958 ,φάντασμα
619 3894 697 3957 uero,
720 3873 776 3937 boc
797 3877 841 3936 est
866 3872 912 3935 m'-
984 3870 1225 3951 ‚phantasma
1260 3874 1316 3951 est,
1352 3870 1476 3950 quando
1512 3872 1576 3949 pai

276 3990 354 4049 sum,
377 3989 446 4034 cum
468 3971 550 4034 inter
567 3971 709 4053 mpitiam
727 3976 756 4033 et
773 3969 913 4033 adultam
939 3968 1001 4031 oin
1023 3968 1185 4032 dormire
1206 3967 1336 4049 coepit,
1356 3971 1385 4029 et
1401 3965 1519 4029 adbuc
1540 3986 1577 4029 se

273 4068 402 4149 quietem
420 4068 456 4130 in
473 4068 618 4151 quadam,
640 4073 676 4131 ut
693 4068 791 4151 aiunt,
803 4067 914 4149 pmma
939 4066 1101 4147 cipitare
1118 4064 1323 4147 existimat,
1338 4064 1505 4144 aspicere
1522 4064 1577 4126 ui-

273 4166 376 4230 somni
404 4164 516 4229 nebula
544 4165 662 4229 adbuc
689 4185 725 4229 se
751 4164 914 4246 cipitare
940 4164 1046 4228 detur
1068 4164 1254 4227 irruentes
1275 4161 1316 4224 in
1340 4180 1389 4244 se,
1415 4161 1470 4225 cet
1488 4180 1577 4243 pas-

274 4263 494 4346 uestimnns,
539 4262 603 4343 qui
648 4262 813 4326 dormire
852 4262 921 4325 oin·
940 4262 1010 4325 sim
1045 4265 1223 4344 vapantes
1261 4259 1405 4340 formas
1441 4259 1576 4322 diserc-

273 4360 404 4443 coepit,
423 4360 588 4441 aspicere
606 4360 752 4423 uidetur
769 4360 914 4423 irruen-
936 4363 1071 4448 pantes
1111 4362 1140 4421 et
1178 4358 1322 4439 uarias,
1364 4356 1483 4419 laetas
1521 4352 1577 4416 oet

274 4463 327 4522 tes
353 4458 394 4521 in
425 4477 461 4521 se
487 4456 543 4519 aet
564 4457 711 4538 possim
737 4461 916 4538 cupantcs
942 4454 1182 4519 turbulentas.
1224 4456 1264 4518 iu
1290 4454 1354 4518 bec
1373 4470 1503 4533 penere
1524 4454 1578 4513 est

272 4556 416 4636 formos
438 4575 459 4618 a
481 4559 598 4617 natura
625 4574 679 4618 seu
701 4554 916 4636 mapnitudine
941 4552 1135 4634 ephialtes,
1171 4572 1273 4633 quem
1302 4546 1457 4631 publica
1491 4567 1577 4629 per-

275 4670 328 4715 seu
350 4652 447 4733 specie
469 4653 739 4735 discrepantes,
766 4652 915 4715 uarias·
941 4651 1070 4713 suasio
1123 4650 1348 4730 quiescentes
1400 4645 1578 4725 opinatur
