3550 5317
201 334 243 396 ιε,
257 334 350 397 ι-ετ,
361 335 393 382 21
770 329 955 398 Therapontis
1434 295 1501 394 133

288 491 399 576 ἐπειδή
424 494 540 560 τοίνυν
563 503 724 578 χρεῶσται
746 493 866 568 πάντες
884 482 944 557 τοῦ
962 491 1139 578 μάρτυρος,
1198 491 1351 578 ἑορτάσαι
1371 490 1407 558 δὲ
1425 495 1550 561 τού-λδ

200 613 259 654 του
282 590 343 672 τήν
366 593 497 674 μνήμην
522 591 821 675 συνεκροτήθημεν,
894 591 1051 655 κάλλιστα
1073 589 1239 678 αὐτῷκαὶ
1262 592 1302 655 τά
1325 592 1459 676 θύματα

199 688 320 753 τούσδε
342 691 421 764 τοὺς
443 691 564 772 λόγους
588 686 791 772 ἐσπείσαμεν.
845 685 900 752 καὶ
924 687 1023 764 αὐτὸς
1045 689 1108 770 γὰρ
1132 681 1230 765 οὗτος
1252 687 1270 753 δ
1289 689 1415 775 μάρτυς
1438 692 1503 754 Λό-

200 809 262 868 γον
284 789 422 870 τιμήσας
444 785 499 851 καὶ
521 783 604 872 ὑπὲρ
628 787 688 850 τὸν
709 788 858 872 παρόντα
879 789 982 869 λόγον
999 789 1179 871 τετίμηται·
1242 787 1287 863 ὡς
1306 785 1419 852 οὐδενὶ
1439 789 1502 871 γὰρ

201 885 289 972 ἀλλςο
313 891 358 971 τῷ
383 887 470 971 λόγῳ
493 883 548 950 καί
573 885 655 962 Θεὸς
677 882 732 948 καὶ
755 885 790 949 οί
810 885 900 968 άγιοι
923 883 1027 950 αὐτοῦ
1049 885 1305 969 θεραπεύονται,
1373 885 1423 950 ὅτι
1446 882 1524 951 καλε

202 984 300 1064 λόγος
328 979 419 1047 ἐστὶν
446 981 464 1047 δ
495 985 591 1066 Θεός,
623 982 686 1047 κάν
712 985 892 1066 μεμηνότες
918 977 1007 1058 τινὲς
1038 983 1075 1046 τὸ
1102 993 1235 1068 πρῶτον
1266 984 1376 1069 δῶρον
1406 987 1504 1066 Θεοῦ,

199 1081 278 1155 τούς
301 1083 421 1163 λόγους
444 1080 557 1164 αὐτοῦ,
579 1083 669 1164 μίσει
690 1084 802 1167 πολλῷ
825 1082 1052 1164 μεμισήκασιν.
1111 1077 1204 1163 ἡμεῖς
1227 1078 1274 1164 δέ,
1297 1081 1360 1144 κάν
1378 1105 1410 1145 τι
1433 1078 1504 1145 δέοι

200 1184 323 1242 παθεῖν
345 1173 428 1262 ὑπὲρ
452 1186 513 1244 τοῦ
536 1180 662 1262 Λόγου,
685 1180 773 1264 λόγῳ
800 1179 1079 1261 πανηγυρίσωμεν
1132 1175 1187 1242 καλ
1211 1178 1400 1262 δημοτελεῖς
1422 1199 1504 1243 παν-

201 1275 331 1351 δαισίας
354 1273 390 1339 έν
413 1278 526 1358 λόγοις
548 1276 756 1359 στησώμεθα,
830 1276 918 1362 λόγῳ
941 1270 1001 1359 μὲν
1023 1276 1082 1351 τὰς
1104 1277 1212 1359 ψυχὰς
1234 1274 1503 1360 ἀποδιοπομπού-

201 1397 307 1458 μενοι,
375 1374 415 1438 τά
438 1370 476 1439 δδ
495 1375 628 1458 σώματα
651 1382 696 1460 τῷ
720 1373 832 1459 νάρδςο
855 1381 913 1456 τής
932 1373 1072 1448 εὐωδίας
1089 1381 1150 1438 τοῦ
1168 1372 1266 1456 ἁγίου
1283 1375 1541 1459 προσαλειφό-ιο

200 1495 303 1555 μενοι.
393 1465 490 1547 οὗτος
513 1471 576 1556 γὰρ
599 1467 683 1556 ὑπὲρ
707 1470 876 1554 τὴνῦλην
897 1471 999 1536 πάλαι
1023 1473 1200 1555 γενόμενος
1268 1468 1324 1535 καλ
1346 1473 1408 1554 τήν
1430 1469 1503 1535 ἑαυ-

202 1578 262 1632 τοῦ
286 1570 442 1651 τελευτήν
465 1573 655 1634 τελευταῖον
671 1571 812 1652 ποιήσας
830 1571 1014 1652 μυστήριον
1073 1580 1238 1652 μυστικῶς
1257 1577 1361 1634 τανῦν
1379 1567 1504 1651 ἁγιάζει

200 1667 279 1742 τούς
301 1669 512 1752 προσιόντας,
536 1666 724 1745 εὐωδιάζων
746 1666 825 1751 ἡμῖν
848 1668 887 1730 τὰ
911 1673 990 1731 θεῖα
1012 1668 1197 1752 χαρίσματα
1264 1665 1387 1754 καὶτῷ
1410 1666 1503 1754 μύρῳ

200 1762 351 1850 καθάπερ
382 1765 417 1828 ολ
442 1763 586 1849 θηραταί
613 1774 673 1833 τοῦ
703 1764 876 1849 μαργάρου
904 1764 964 1829 τὸν
991 1764 1141 1848 ἔμψυχον
1167 1765 1322 1849 θάλαμον
1398 1763 1505 1829 ἕλκων

200 1861 284 1945 ἡμᾶς
306 1863 389 1946 πρὸς
411 1862 472 1945 τήν
496 1863 564 1928 ἀνω
587 1862 795 1928 κατάστασιν.
1514 1886 1539 1927 ιι

290 1971 386 2037 δεῦτε
408 1971 525 2034 τοίνυν
548 1967 673 2046 ένθέως
699 1971 988 2053 πανηγυρίσωμεν,
1054 1971 1284 2053 πρωτοθοίνια
1310 1967 1365 2034 καὶ
1387 1982 1548 2055 προτε-ῦῖ

201 2069 296 2142 λετδις
318 2069 396 2142 τούς
418 2070 539 2149 λόγους
560 2069 768 2152 ποιούμενοι·
832 2075 897 2131 νῦν
919 2069 977 2142 τὰς
999 2068 1108 2150 ψυχάς
1130 2066 1378 2150 ἀφαγνίσωμεν,
1440 2076 1505 2132 νῦν

201 2164 437 2250 έκκαθάρωμεν
489 2165 598 2250 ῥύπου
614 2165 813 2249 τὰσώματα,
867 2165 956 2239 ὅπως
975 2163 1073 2243 ἀξίως
1090 2164 1152 2247 τήν
1170 2163 1349 2247 ἀγγελικὴν
1371 2167 1505 2248 χορείαν

201 2260 451 2345 ὑποδεξάμεθα,
544 2260 619 2346 μεθ’
654 2258 692 2345 ής
722 2261 740 2326 ὁ
770 2262 897 2348 μάρτυς
928 2256 1027 2338 οὗτος
1056 2260 1074 2326 ὁ
1104 2259 1204 2346 μέγας
1237 2262 1298 2344 τήν
1332 2263 1506 2347 τριαδικήν

202 2359 360 2442 ἀγιότητα
427 2358 464 2424 ἐν
486 2368 546 2446 μιᾷ
568 2358 741 2442 δοξολογεῖ
761 2362 941 2445 κυριότητι.
1013 2362 1177 2444 χαίρωμεν
1201 2359 1299 2444 ίερεῖς
1322 2376 1528 2443 συναγωνι-ε

204 2457 286 2538 στήν
309 2456 483 2540 εὑρηκότες
506 2456 640 2522 τουτονὶ
663 2459 722 2522 τὸν
746 2455 950 2542 θαυμάσιον,
1017 2460 1177 2543 νεωκόροι
1200 2459 1259 2522 τὸν
1281 2464 1379 2523 θεῖον
1401 2459 1506 2534 ὄντως

202 2556 401 2640 κοσμήτορα,
452 2558 599 2639 βασιλεῖς
612 2557 671 2620 τὸν
685 2565 743 2639 τής
761 2557 831 2621 ἀνω
846 2558 1014 2639 βασιλείας
1031 2559 1249 2642 κρατήσαντα
1302 2554 1506 2638 ἀγαλλιᾶσθε

200 2650 256 2716 καὶ
279 2651 453 2717 παιδευταί
477 2655 534 2718 διδι
556 2655 616 2718 τὸν
639 2654 852 2738 διδάσκαλον,
910 2652 1057 2739 μαθηταὶ
1081 2655 1137 2718 διά
1159 2655 1219 2730 τὸν
1241 2659 1349 2730 καλῶς
1372 2659 1505 2740 Χριστῷ

201 2751 465 2834 μαθητεύσαντα.
535 2753 732 2836 μονάζοντες
753 2753 791 2817 τὸ
816 2751 987 2817 έπίλεκτον
1009 2754 1190 2839 ἄθροισμα,
1264 2754 1426 2838 ναζιραῖοι
1449 2750 1505 2816 καὶ

204 2849 344 2931 ζάκοροι,
390 2851 449 2915 τὸν
467 2851 677 2934 συνασκητήν
695 2851 790 2934 ὑμῶν
808 2852 851 2934 μή
874 2851 1060 2935 αι’σχύνητε.
1111 2848 1206 2914 ίδέτω
1230 2848 1284 2916 καλ
1303 2850 1503 2935 στρατιώτης
1514 2873 1540 2913 10

201 2947 260 3010 τὸν
290 2945 424 3032 ἀριστέα
452 2951 598 3030 Χριστοῦ
626 2946 680 3017 καλ
707 2950 950 3034 προθυμείσθω
977 2948 1135 3033 πράττειν
1165 2948 1206 3013 τὰ
1236 2945 1354 3012 δέοντα
1448 2945 1504 3014 καί

202 3044 335 3126 ἰδιώτης
368 3045 412 3128 μή
449 3043 619 3110 έκλυέσθω
655 3046 715 3109 τὸν
750 3047 920 3110 ἄπλαστον
954 3046 1017 3129 τήν
1056 3047 1175 3110 κακίαν
1212 3056 1346 3110 σκοπῶν
1380 3045 1505 3122 ἐνθέοις

201 3143 415 3226 φρονήσαντα
488 3140 626 3208 καὶτὸν
649 3145 731 3227 ὄφιν
753 3145 943 3226 νικήσαντα.
1016 3155 1106 3208 πᾶσα
1129 3143 1149 3227 ἡ
1172 3145 1294 3227 ποίμνη
1318 3151 1378 3208 τοῦ
1401 3149 1505 3209 καλοῦ

200 3236 357 3323 ποιμένος
379 3242 422 3324 μή
447 3240 709 3326 ἀποδράμοιΙτεΙ,
731 3243 858 3326 πτωχοί
878 3241 955 3326 <τε>
977 3239 1044 3316 καί,
1058 3238 1209 3325 πένητες,
1263 3239 1427 3327 παρθένοι
1449 3239 1504 3306 καὶ

203 3339 385 3421 σώφρονες,
431 3339 466 3402 οί
478 3338 514 3403 ἐν
528 3342 614 3425 γήρα
632 3338 716 3424 ὁμοῦ
734 3337 789 3404 καί
809 3341 949 3423 νεότητι,
990 3339 1122 3404 ὀθνεῖοί
1138 3362 1173 3404 τε
1191 3337 1246 3403 καλ
1265 3339 1477 3424 αὐτόχθονες,
1515 3359 1541 3401 15

200 3434 321 3512 πάντες
343 3437 410 3520 ἅμα
427 3438 487 3500 τὸν
501 3446 561 3502 τοῦ
581 3442 727 3522 Χριστοῦ
746 3438 958 3522 θεραπευτὴν
976 3438 1229 3521 εὐφημήσωμεν,
1268 3447 1380 3523 χεῖρας
1398 3446 1505 3521 ψυχῆς

202 3531 345 3609 εὐτόνως
368 3532 642 3618 ἀνακροτήσωμεν
717 3533 772 3599 καὶ.
798 3539 870 3622 Θεῷ
894 3533 1018 3600 ἐνθάδε
1040 3533 1325 3619 συναλαλάξωμεν.
1407 3529 1505 3610 οὗτος

202 3632 265 3715 γὰρ
289 3625 379 3707 οἶκος
404 3635 490 3696 Θεοῦ
518 3631 672 3716 θεμέλιος
702 3634 861 3716 ἀσειστος,
942 3635 1042 3709 τόπος
1071 3631 1224 3714 ἀνέσεως,
1304 3632 1392 3715 πηγή
1424 3631 1504 3696 ἀνα·
1534 3668 1541 3674 ·

200 3727 337 3813 ψύξεως,
406 3728 498 3816 ὕδωρ
522 3729 755 3816 ἀγαλλιάσεως,
814 3730 1029 3807 ἀναπαύσεως
1047 3731 1304 3813 κατασκήνωσις,
1360 3730 1506 3814 ἰατρεῖον

200 3828 347 3914 αἰώνιον,
430 3838 546 3912 ψυχῶν
568 3827 854 3916 <ἀνα>κάθαρσις,
949 3828 1110 3913 σωμάτων
1132 3828 1179 3903 είς
1201 3828 1239 3891 τὸ
1263 3826 1401 3913 ἀρχαῖον
1423 3827 1541 3893 ἀπο-ιο

199 3923 404 4001 κατάστασις.

289 4149 361 4212 26,1
381 4143 412 4198 δὲ
431 4162 484 4199 om.
499 4146 529 4198 Μ
549 4147 554 4214 Ι
579 4152 594 4198 2
613 4147 748 4215 θαύματα
767 4148 792 4200 A
815 4149 819 4216 Ι
844 4153 860 4200 3
881 4143 1014 4214 ἐπίσαμεν
1032 4145 1062 4198 Μ
1086 4148 1091 4215 Ι
1115 4147 1200 4200 λιταὶ
1218 4162 1271 4200 om.
1287 4147 1316 4200 M
1341 4150 1345 4217 Ι
1370 4153 1386 4201 6
1406 4147 1441 4202 of.
1461 4164 1501 4201 ev.

200 4224 258 4279 Ioh.
275 4229 322 4290 1,1
340 4225 344 4294 Ι
367 4228 381 4276 7
401 4224 504 4287 ἀυτονς
522 4226 550 4278 Μ
567 4226 571 4297 Ι
587 4231 604 4278 8
622 4223 711 4296 λόγων
730 4227 759 4280 Μ
775 4230 778 4296 Ι
798 4228 917 4280 καλ-9
937 4226 1100 4295 στησόμεθα
1119 4225 1223 4280 desunt
1240 4226 1271 4279 in
1289 4227 1314 4280 A
1335 4230 1339 4296 Ι
1361 4233 1394 4281 14
1413 4227 1504 4282 καθά-

200 4323 251 4372 περ
262 4301 436 4372 -θάλαμον
455 4304 557 4359 desunt
574 4305 605 4358 in
618 4306 643 4359 A
656 4308 666 4375 ΙΙ
680 4311 722 4374 27,
739 4313 752 4358 1
773 4305 895 4369 ἅπαντες
913 4307 978 4375 post
995 4303 1092 4361 τοίνυν
1106 4305 1170 4360 add.
1185 4306 1215 4358 M
1231 4310 1235 4376 Ι
1251 4304 1357 4368 εὐθέως
1375 4307 1400 4359 A
1415 4309 1419 4375 Ι
1436 4305 1503 4376 ἀγα-

200 4382 283 4452 πήτοί
292 4387 356 4454 post
365 4402 467 4455 πανηγ.
483 4385 585 4438 addM
597 4385 628 4457 Ιῖ
644 4385 847 4456 πολήσαντεςΜ
862 4385 865 4457 Ι
882 4383 1064 4455 ἀφανίσωμεν
1078 4386 1107 4439 Μ
1123 4389 1128 4456 Ι
1144 4393 1160 4440 3
1175 4388 1299 4440 κολεοῖο
1312 4386 1364 4455 τήν
1379 4386 1444 4440 add.
1459 4386 1502 4459 ΜΙ

200 4470 334 4519 δτοῦτον
348 4465 373 4518 A
388 4466 392 4535 Ι
409 4462 495 4528 ὅντως
513 4470 597 4520 θεῖον
615 4466 645 4518 Μ
667 4468 671 4538 Ι
697 4469 820 4521 8καλιῦν
836 4466 865 4519 Μ
885 4465 992 4535 Ι9τδν
1015 4466 1045 4518 Μ
1064 4467 1068 4536 Ι
1086 4469 1245 4535 Ναζαραῖοι
1267 4465 1292 4518 A
1317 4467 1321 4536 Ι
1348 4470 1382 4519 10
1404 4465 1504 4531 ἁζάκο-

200 4544 288 4610 ροιΑ
313 4544 317 4613 Ι
344 4549 376 4597 11
400 4543 663 4614 προσθομείσθωΑ
688 4548 692 4616 Ι
719 4545 853 4615 πράσσειν
875 4546 905 4599 Μ
927 4548 982 4616 Ι12
1001 4545 1071 4600 τόΑ
1088 4547 1092 4616 Ι
1110 4552 1142 4600 15
1162 4543 1232 4602 νεότ.
1248 4545 1291 4614 δμ.
1306 4566 1331 4599 ιι.
1346 4544 1418 4621 γήρᾳ
1432 4545 1502 4617 ΑΜΙ

203 4620 319 4693 αὐτόγθ.
333 4643 363 4678 τε
377 4645 401 4678 κ.
418 4624 481 4680 δθν.
496 4625 521 4678 A
537 4627 541 4696 Ι
559 4631 592 4678 16
611 4625 661 4681 τὸν
679 4643 732 4684 om.
747 4627 772 4679 A
793 4627 797 4700 Ι
816 4625 931 4698 χεῖραΑ
955 4626 960 4700 Ι
986 4631 1018 4679 17
1038 4625 1228 4694 τυνάλέξωμεν
1245 4625 1275 4678 Μ
1295 4627 1300 4698 Ι
1320 4630 1354 4680 20
1378 4624 1515 4698 supplevi·

201 4707 277 4772 el9,
292 4708 325 4759 12
