3550 5317
476 313 567 382 Caput
584 313 617 367 u,
654 314 695 367 De
713 312 867 367 incubandi
884 313 987 367 ritibus
1006 314 1203 383 symbolisque.
1457 317 1498 379 15

193 470 284 537 Adde
307 473 499 539 Tertulliani
522 474 619 539 verba
638 474 676 537 de
699 497 748 538 an.
767 475 810 539 48
831 474 864 539 0.
889 475 920 539 S.
939 476 977 540 n.
999 476 1034 540 L.
1060 476 1121 539 XX
1142 477 1158 539 l
1184 498 1213 559 p.
1228 476 1303 562 379,
1319 476 1373 541 14:
1395 480 1500 562 „opud

194 572 320 635 oracula
342 574 535 637 incubaturis
557 574 710 637 νὀιιικίιιικ
732 573 909 637 ἐκόνοίλαν.“

263 710 305 764 De
328 710 474 764 ieiunandi
497 710 598 765 effectu
621 729 645 765 v.
665 709 719 764 Cic.
744 711 779 763 de
798 710 852 765 div.
871 711 1028 780 151,115;
1056 714 1353 779 ,,οκκικαο,..οκικιο,
1376 730 1445 781 pisae
1467 714 1498 767 ia

263 796 367 845 κολανο
384 808 475 845 rerum
492 796 566 857 accat,
583 791 669 856 uidet,
691 791 717 843 ον’
738 791 816 844 modo
839 792 994 859 temperatus
1015 794 1082 847 escis
1103 794 1267 860 ικοδιονερκε
1280 794 1440 861 potionibus
1457 794 1498 847 uo

262 874 301 921 est
318 869 454 937 adfectus,
472 876 504 925 ut
520 872 608 939 sopito
626 885 735 939 corpore
753 870 809 938 ipsi
826 872 949 940 oipilet.“
987 868 1085 925 Galen.
1108 870 1238 940 Hippocr.
1257 870 1394 925 Praediot.
1414 872 1427 924 I
1442 877 1466 939 1,
1481 876 1497 923 5

264 950 283 1001 t.
300 954 332 1002 16
352 967 378 1018 p.
395 955 446 1005 525
465 950 577 1004 Kuehn:
604 950 652 1004 καί
674 958 729 1004 τῶν
752 947 938 1019 ὑγιαινόντων
962 948 994 1003 δὲ
1019 959 1078 1012 τοῖς
1107 949 1157 1018 μὲν
1182 949 1283 1012 ἐνδεῶς
1310 952 1498 1019 διαιτηδεῖσιν

264 1026 389 1099 ἐναργεῖς
407 1028 435 1082 ολ
452 1028 556 1098 όνειροι
575 1026 709 1100 γίνονται.
739 1028 774 1081 cf.
790 1028 866 1098 Guys
880 1028 1080 1083 Litterarische
1093 1028 1176 1082 Reice
1194 1030 1268 1083 nach
1282 1028 1497 1096 Griechenland,

266 1123 315 1160 aus
330 1108 395 1161 dem
407 1108 536 1163 Pranzds.
551 1109 644 1163 libers.
662 1109 682 1164 Ι.
697 1107 759 1162 Teil
775 1114 834 1175 158,
854 1108 932 1163 citat.
953 1108 1028 1177 apud
1041 1107 1268 1178 Kinderlingium
1284 1109 1341 1162 Der
1355 1109 1495 1163 Somnum-

264 1186 400 1241 bulismus
419 1205 533 1243 unserer
552 1188 614 1242 Zeit
632 1190 684 1243 etc.
703 1205 730 1257 p.
746 1192 793 1242 28:
820 1188 895 1255 „Die
916 1189 1049 1243 Griccbeu
1067 1188 1182 1243 buaren
1198 1190 1256 1243 aicb
1273 1190 1342 1243 acob
1354 1190 1431 1256 jotri,
1448 1192 1498 1243 ιοιν

263 1266 385 1333 eluctata,
408 1268 495 1322 durch
512 1268 617 1323 Γασίων
635 1283 684 1334 εκ,
705 1284 753 1321 um
774 1268 922 1337 pldcklicbe
942 1268 1060 1322 Trdume
1082 1282 1117 1323 ιιι
1139 1268 1256 1322 tabca.“
1277 1299 1310 1307 -
1329 1268 1362 1320 Iu
1379 1267 1497 1337 magicis

266 1346 425 1416 praeceptis
443 1363 494 1415 per
512 1347 587 1401 diem
605 1347 707 1401 saltem
725 1363 802 1400 esum
821 1346 963 1400 interdum
982 1345 1101 1400 vetitum
1120 1346 1206 1419 fuisse
1227 1346 1335 1401 elucere
1353 1346 1465 1401 videtur
1482 1363 1497 1401 e

263 1424 408 1494 Wesselyo
428 1423 537 1479 Griech.
557 1425 699 1495 Zaubpap.
716 1444 742 1494 p.
758 1432 801 1494 22,
817 1432 850 1480 73
866 1444 919 1493 sq.:
939 1425 1007 1481 ὅταν
1026 1425 1058 1479 δὲ
1076 1424 1173 1499 μέλλῃς
1191 1423 1264 1480 καθ’
1285 1424 1392 1496 ἡμέραν
1411 1426 1442 1481 ἐν
1463 1436 1497 1499 τῆ

264 1502 363 1579 ἁγνεία
381 1501 489 1558 ἐσθίειν
508 1506 556 1557 καί
574 1508 739 1573 κοιμᾶσθαι,
758 1504 817 1559 εἰπὲ
836 1505 886 1560 τδν
904 1504 987 1575 λόγον
1001 1508 1056 1559 κτλ.
1084 1504 1308 1574 Animadvertas,
1322 1506 1398 1574 quod
1412 1507 1496 1561 verbo

263 1581 371 1637 ἐσθίειν
398 1583 513 1636 additur
539 1584 587 1637 καλ
610 1588 772 1653 κοιμᾶσθαι.
810 1585 909 1652 Itaque
931 1585 978 1639 hic
1001 1600 1112 1653 quoque
1136 1584 1251 1652 aliquod
1273 1584 1411 1639 ieiunium
1434 1602 1497 1639 cum

262 1662 368 1732 vigiliis
388 1662 557 1732 quibusdam
576 1662 755 1718 coniunctum
772 1663 859 1719 fuisse
882 1664 1005 1734 videtur,
1029 1664 1059 1716 id
1083 1664 1159 1733 quod
1182 1664 1326 1718 scratini
1344 1664 1497 1733 Trophonii

264 1741 423 1811 fragmento
443 1742 608 1796 concludere
628 1743 793 1798 studuimus.

280 1866 318 1932 Id
341 1869 427 1952 quod
450 1869 620 1933 ieiunando
640 1870 724 1934 effici
742 1870 902 1957 volebant,
921 1869 1067 1934 homines
1085 1875 1123 1935 ut
1140 1870 1365 1955 propensiores
1383 1872 1497 1936 fierent
1578 1893 1581 1898 ’

192 1966 233 2029 ad
256 1966 486 2031 divinationem
509 1967 599 2030 illam
622 1989 680 2051 per
708 1968 832 2033 somnia
862 1967 1092 2053 accipiendam,
1120 1968 1269 2032 similiter
1298 1968 1497 2032 efficiebatur

89 2150 91 2156 y
191 2084 256 2127 non
280 2063 429 2145 omnibus
453 2063 534 2128 cibis
557 2065 678 2150 vetitis,
701 2068 810 2129 tamen
832 2066 1006 2149 nonnullis,
1030 2087 1103 2129 cum
1126 2064 1206 2129 alias
1231 2065 1271 2129 ob
1291 2087 1402 2130 causas
1426 2071 1496 2129 tum

193 2161 268 2244 quia
289 2161 330 2224 iis
353 2161 559 2245 potissimum
583 2163 747 2227 obscurari
769 2163 911 2227 animam
934 2168 1031 2247 atque
1053 2162 1197 2226 hebetari
1220 2163 1386 2247 putabant.

191 2300 304 2385 Itaque
328 2302 415 2365 faba
438 2302 757 2388 interdicebatur,
780 2307 816 2367 ut
839 2304 975 2387 videtur,
997 2303 1083 2388 apud
1106 2302 1380 2390 Amphiaraum1).

263 2422 297 2475 cf.
309 2420 431 2492 Geopon.
445 2423 524 2491 1135,
539 2429 556 2477 4
572 2442 598 2493 p.
615 2423 789 2479 ricuinus:
809 2424 837 2479 οί
855 2424 886 2479 δὲ
906 2422 1020 2494 φυσικοί
1038 2442 1108 2493 φασι
1125 2425 1191 2488 τοίις
1208 2423 1333 2493 κυάμους
1345 2426 1496 2497 ἀμβλύνειν

262 2501 313 2564 τάς
336 2500 454 2570 καρδίας
476 2522 531 2558 τον
556 2500 710 2559 ἐσθιόντων
733 2504 843 2567 αότοός.
880 2504 927 2559 διδ
950 2505 998 2559 καί
1021 2502 1179 2573 ἐμποδίζειν
1206 2514 1268 2567 ταῖς
1290 2504 1497 2574 εόδυονειρίαις

262 2579 434 2651 νομίζονται,
454 2582 507 2636 εἰσί
529 2582 582 2652 γάρ
605 2584 818 2652 πνευματώδεις.
855 2583 965 2638 Similes
988 2584 1064 2638 locos
1086 2584 1240 2653 permultos
1266 2584 1358 2638 adfert
1376 2584 1411 2638 N.
1426 2586 1463 2639 ad
1477 2586 1495 2641 l.

262 2661 345 2730 Apud
376 2661 559 2716 Plutarchum
592 2665 796 2732 componuntur
826 2666 858 2717 ut
891 2663 1006 2717 somniis
1031 2663 1117 2719 noxia
1143 2663 1211 2717 faba
1236 2666 1265 2717 et
1288 2664 1386 2733 polypi
1411 2667 1497 2733 caput

262 2741 398 2810 (Sympoa.
417 2728 481 2794 VllI
496 2747 567 2808 10,1
592 2761 618 2811 p.
635 2742 740 2813 734F):
761 2740 804 2796 ότι
826 2740 853 2796 δ’
876 2742 932 2798 ἐστί
949 2753 1006 2799 τῶν
1023 2742 1175 2815 βρωμάτων
1198 2742 1259 2798 ἔνια
1282 2741 1430 2812 δυσόνειρα
1448 2743 1496 2798 καί

262 2821 414 2889 ταρακτικὰ
429 2830 484 2875 τῶν
498 2819 567 2875 καθ’
588 2821 679 2877 όπνον
698 2821 802 2891 tocco,
820 2819 983 2891 μαρτυρίοις
1001 2822 1120 2892 ἐχρῶντο
1137 2830 1197 2885 τοῖς
1213 2841 1243 2876 τε
1261 2821 1379 2891 κυάμοις
1396 2825 1445 2877 καί
1462 2831 1496 2894 τῆ

262 2903 368 2971 κεφαλῆ
386 2909 436 2954 τοῦ
454 2901 613 2964 πολύποδος
630 2901 675 2971 (cf.
695 2902 767 2955 Plut.
788 2903 823 2956 de
841 2903 905 2956 aud.
925 2905 999 2972 poet.
1016 2909 1029 2955 1
1048 2920 1075 2971 p.
1092 2902 1182 2971 15Β),
1206 2898 1245 2956 όν
1272 2900 1428 2972 ἀπέχεσθαι
1451 2921 1496 2957 κε-

261 2980 370 3034 λεύουσι
397 2980 462 3043 τοὺς
489 2978 639 3049 δεομένους
665 2989 714 3051 τῆς
741 2981 790 3035 διὰ
816 2991 871 3037 τῶν
899 2980 1017 3051 όνείρων
1045 2990 1186 3051 μαντικῆς.
1223 2981 1324 3050 Polypi
1351 2985 1437 3051 caput
1465 2981 1496 3034 in

263 3059 375 3114 eroticis
395 3059 504 3128 aliquid
522 3060 643 3114 valuisse
662 3060 755 3115 elucet
773 3077 806 3114 ex
825 3062 971 3115 Athenaeo
990 3061 1042 3114 VH
1059 3080 1086 3131 p.
1102 3067 1194 3115 3160:
1221 3063 1341 3130 Διοκλῆς
1364 3060 1391 3115 δ’
1413 3061 1445 3115 ἐν
1463 3058 1492 3114 α’

258 3137 399 3210 Ὑγιεινῶν
420 3139 470 3193 ’τά
489 3139 520 3195 δὲ
539 3138 670 3209 μαλάκια,
688 3138 767 3211 φησί,
785 3140 855 3209 πρὸς
873 3140 980 3211 ἡδονὴν
998 3142 1048 3195 καί
1061 3141 1132 3209 πρός
1144 3140 1179 3194 τὰ
1194 3137 1360 3209 ἀφροδίσια·
1380 3139 1496 3209 μάλιστα

261 3218 293 3273 δὲ
312 3220 338 3274 οἱ
356 3218 550 3282 πουλύποδες.
589 3219 670 3285 Quod
688 3221 713 3274 si
737 3220 953 3289 consideremus,
971 3220 1091 3274 fortasse
1110 3219 1236 3288 aliquam
1257 3219 1313 3272 vim
1327 3219 1418 3273 inesse
1432 3236 1497 3273 con-

262 3300 393 3353 cedamus
412 3300 503 3354 Laert.
519 3299 600 3368 Diog.
620 3299 690 3366 loco,
709 3300 760 3352 ubi
776 3299 1017 3369 Pythagoreorum
1035 3302 1187 3369 praecepta
1206 3301 1404 3353 enumerantur
1422 3299 1496 3369 (VIII

264 3385 287 3447 1,
303 3382 356 3449 34):
371 3377 528 3449 ἀπέχεσθαι
547 3388 602 3434 τῶν
616 3378 730 3448 κυάμων
749 3378 811 3446 ἤτοι
826 3378 868 3433 ὅτι
883 3377 1004 3441 αἰδοίοις
1018 3380 1088 3433 είσλν
1102 3378 1193 3448 ὅμοιοι
1207 3376 1290 3447 ἣκτλ.
1306 3379 1340 3433 cf.
1350 3379 1427 3434 Snid.
1438 3398 1459 3433 s.
1470 3398 1494 3432 v.

263 3456 437 3527 Πυθαγόρας
460 3460 573 3527 (petil,
590 3464 621 3511 11
646 3458 771 3529 Bernh.):
795 3459 860 3521 νοός
877 3458 1002 3528 κυάμους
1024 3458 1057 3513 δὲ
1075 3456 1294 3529 ἀποτρέπεσθαι,
1313 3456 1356 3513 ότι
1375 3456 1496 3521 αἰδοίοις

191 3634 259 3688 deus
283 3634 455 3704 sanctonus,
479 3634 552 3689 sicut
569 3633 756 3705 Amphiaraus
775 3635 819 3689 vel
837 3635 1035 3706 Aesculapius;
1059 3636 1161 3692 altera:
1185 3634 1294 3706 inipso
1314 3636 1413 3705 adyto,
1432 3653 1495 3689 cum

191 3715 389 3786 descendisset,
409 3714 564 3786 supplicem
583 3713 750 3769 suscitatum
773 3731 864 3783 neque
883 3716 966 3771 edere
983 3733 1066 3785 posse
1088 3731 1179 3784 neque
1198 3715 1332 3769 dormire:
1356 3716 1495 3782 quiahoc

189 3812 240 3864 per
258 3811 288 3849 se
306 3796 418 3850 videtur
436 3796 596 3850 absurdum.
634 3793 744 3849 Dicitur
762 3810 825 3849 mea
843 3795 958 3863 quidem
981 3795 1123 3850 sententia
1144 3810 1239 3848 versus
1263 3793 1313 3849 ille
1336 3794 1371 3848 de
1388 3794 1494 3850 ieiunio

190 3877 220 3928 et
241 3874 358 3945 vigiliis,
382 3875 484 3945 quibus
506 3874 633 3929 homines
657 3874 779 3944 aptiores
802 3876 872 3929 fiant
889 3876 973 3929 rebus
992 3875 1095 3929 divinis
1117 3874 1317 3945 percipiendis3
1343 3873 1388 3927 oui
1407 3874 1493 3944 expli-

190 3954 296 4007 cationi
314 3955 434 4009 fortasse
453 3958 577 4026 opponet
594 3954 657 4023 quis
676 3954 832 4009 Pausaniae
851 3955 945 4009 locum
958 3956 1007 4027 (IX
1020 3960 1063 4023 39,
1078 3959 1118 4025 5)ι
1137 3952 1185 4009 καί
1204 3954 1231 4009 οἱ
1249 3953 1319 4025 (scil.
1335 3952 1365 4007 in
1378 3954 1493 4025 ἀγαθοῦ

191 4030 325 4102 δαίμονος
344 4034 472 4090 aedificio
491 4033 644 4103 habitanti)
663 4034 712 4088 καί
729 4032 798 4103 κρέα
817 4033 936 4103 ἄφθονά
955 4035 1030 4089 ἐστιν
1048 4034 1104 4089 άπὸ
1123 4044 1179 4089 τῶν
1193 4037 1308 4090 θυσιῶν,
1342 4033 1403 4098 Qua
1420 4034 1494 4088 inre

190 4114 287 4167 tamen
308 4114 402 4167 nescio
426 4132 462 4169 an
484 4115 554 4169 haec
573 4113 732 4168 Pausaniae
754 4114 841 4168 verba
862 4117 976 4168 tantum
997 4114 1119 4169 valeant.
1156 4114 1236 4168 Licet
1254 4114 1392 4183 conferre,
1418 4114 1494 4181 quod

190 4190 311 4245 Meiners
331 4190 496 4245 Geschichte
516 4192 586 4246 aller
603 4192 772 4262 Religionen
785 4192 811 4245 H
824 4211 851 4261 p.
866 4198 919 4248 404
938 4194 973 4246 de
990 4193 1085 4263 equite
1100 4193 1194 4248 Oeneo
1212 4191 1326 4263 narrat,'
1336 4193 1385 4263 qui
1403 4194 1494 4262 prius-

190 4287 276 4339 quam
294 4271 324 4324 in
339 4270 435 4325 Sancti
453 4270 569 4326 Patricii
588 4274 700 4327 antrum
719 4273 794 4342 apud
812 4271 985 4343 Dungalium
1009 4274 1039 4327 in
1056 4273 1166 4329 Ivernia
1187 4273 1273 4327 situm
1290 4273 1492 4342 proficiscatur,

190 4350 351 4420 quindecim
369 4351 429 4405 dies
447 4354 599 4421 noctesque
617 4368 697 4407 orare
716 4352 808 4421 dehet,
827 4352 988 4422 vigilare,
1012 4352 1175 4407 ieiunare.
1212 4353 1253 4405 De
1273 4355 1353 4406 antro
1372 4351 1422 4406 illo
1440 4351 1493 4404 Pa-

189 4431 265 4486 tricii
284 4430 482 4500 Trophaniano
502 4433 584 4485 antro
603 4431 688 4485 simili
706 4431 831 4501 loquitur
849 4431 1024 4486 Schoemann
1042 4432 1151 4488 Griech.
1171 4431 1271 4485 Altert.
1285 4431 1325 4483 Π8
1339 4435 1399 4498 538,
1416 4435 1438 4483 1.

279 4516 306 4582 1)
324 4510 520 4581 Aristophanis
539 4511 703 4580 Amphiarai
726 4512 779 4582 frg.
794 4518 828 4565 23
842 4513 889 4567 K:
908 4510 982 4574 ὅστις
1000 4520 1096 4581 φακῆν
1118 4510 1232 4580 ἥδιστον
1251 4509 1330 4579 tomo
1349 4511 1492 4577 λοιδορεῖς.

190 4590 315 4656 Quocum
338 4590 521 4645 conferendus
545 4590 623 4645 locus
646 4590 868 4659 Geoponicorum
885 4592 912 4646 Π
925 4598 968 4661 35,
983 4597 999 4644 8
1018 4611 1045 4660 p.
1062 4597 1112 4644 182
1126 4590 1235 4645 Niolas:
1259 4598 1366 4657 πρῶτος
1389 4587 1421 4644 δὲ
1439 4587 1492 4643 ἀπ-

191 4670 282 4741 ἐσχετο
302 4670 416 4741 κυάμων
430 4669 609 4740 Ἀμφιάραος,
627 4670 676 4725 διὰ
694 4671 745 4741 τῆν
763 4670 803 4725 δι’
825 4670 942 4740 ὀνείρων
960 4669 1102 4741 μαντείαν.
