3550 5317
216 360 241 422 2,
252 360 297 406 3-
305 359 329 420 3,
341 358 373 405 12
663 349 803 403 Laudatio
822 348 1009 418 Therapontis
1456 347 1516 410 121

216 528 302 601 προῖς
341 513 395 580 καί
434 513 553 598 γένους
589 513 834 598 ἐπιμνησθῆναι
871 523 1003 599 πρῶτον
1044 510 1234 597 ἀνατροφῆς
1267 534 1302 575 τε
1336 515 1432 586 θείας
1465 509 1519 575 καὶ

218 612 367 699 πράξεων
456 610 511 677 καὶ
546 622 614 677 τών
635 610 777 694 καθεξῆς
807 609 1083 694 ἐπιτηδευμάτων,
1117 602 1166 675 ών
1196 608 1319 686 ἐκεῖνος
1349 609 1393 684 ώς
1423 609 1522 683 ἀλλος

223 811 402 895 ἀπρακτον·
489 807 576 873 οὕτω
604 810 667 893 γὰρ
695 808 738 872 ἀν
766 805 1026 892 προκαταβαλὼν
1053 813 1099 893 τῷ
1126 807 1213 894 λόγφ
1242 803 1400 888 θεμέλιον
1484 807 1521 871 τὸ

220 917 287 972 τών
315 908 498 990 θαυμάτων
527 906 618 991 ίερὸν
649 905 843 994 ᾠκοδόμησα
869 901 1012 987 τέμενος.
1103 901 1182 967 ἐπεὶ,
1199 898 1237 967 δὲ
1263 901 1343 985 ἡμῖν
1371 902 1411 967 οῦ
1439 903 1523 989 πρὸς

223 1004 370 1080 ἐκείνους
393 1003 411 1069 ὁ
434 1006 543 1088 λόγος,
566 1003 625 1081 οὓς
647 1001 744 1088 τέχνη
767 1000 822 1066 καλ
846 1001 997 1086 ρητόρων
1020 998 1119 1084 ἀκμαί
1137 1001 1394 1086 θεραπεύουσιν,
1440 1000 1523 1066 ἀλλά

220 1103 302 1188 πρὸς
325 1103 450 1186 ἀνδρας
474 1100 585 1178 ἁπλῶς
607 1097 899 1184 πολιτευομένους,
927 1090 975 1163 ὧν
1002 1097 1022 1180 ή
1051 1097 1132 1181 ἀκοή
1159 1098 1220 1181 τήν
1247 1098 1388 1181 ἀτεχνον
1416 1101 1523 1182 μόνην

220 1209 281 1265 τοῦ
305 1201 407 1282 λόγου
431 1200 650 1266 διδασκαλίαν
673 1195 874 1283 ἀπεριέργως
898 1193 1073 1280 ἐκδέχεται,
1149 1195 1230 1281 φέρε
1252 1195 1292 1261 τὰ
1315 1196 1438 1260 παλαιά
1461 1204 1558 1260 τοῦτο

219 1297 342 1384 ἀνδρὸς
363 1296 559 1383 ὑπερβώμεν
582 1299 803 1382 γνωρίσματα.
866 1295 996 1359 τούτων
1018 1294 1081 1379 γάρ
1099 1292 1154 1358 καλ
1178 1293 1271 1378 ὑμεῖς
1290 1292 1326 1358 έν
1344 1303 1384 1379 τῆ
1402 1295 1522 1380 καρδίᾳ

221 1398 281 1480 τήν
304 1397 436 1479 μνήμην
458 1393 742 1483 προκαταθέμενοι
819 1392 1111 1475 έποικοδομεῖσθαι
1136 1395 1256 1474 ζητεῖτε
1279 1391 1340 1474 τήν
1363 1391 1524 1457 ἐνταυθοῖ

218 1505 286 1559 τῶν
309 1493 492 1578 θαυμάτων
515 1489 763 1578 χορηγουμένην
788 1488 955 1572 ἐπίδειξιν,
1043 1490 1086 1573 ῆν
1114 1488 1132 1554 δ
1154 1489 1280 1575 μάρτυς
1307 1487 1418 1566 αὔξων
1445 1488 1522 1571 ὁση-

217 1590 313 1678 μέραι
337 1591 445 1676 ψυχὰς
467 1596 677 1676 τελετουργεῖ
697 1587 752 1654 καὶ
774 1589 857 1673 πρὸς
879 1587 1055 1673 ἀρτιότητα
1131 1585 1225 1672 φέρει
1248 1587 1289 1652 τά
1312 1587 1456 1672 σώματα,

218 1691 301 1754 ὥστε
325 1690 472 1773 φθάνειν
494 1687 549 1754 καλ
572 1686 616 1753 δι’
644 1687 747 1753 αὐτοῦ
771 1688 849 1762 τοῦς
871 1687 1088 1762 πιστεύοντας
1173 1686 1232 1761 (εἰς
1256 1686 1363 1771 ἀνδρα
1385 1684 1522 1768 τέλειον,
1532 1709 1558 1750 15

220 1789 267 1864 εἰς
289 1786 411 1872 μέτρον
434 1785 562 1870 ῆλικίας
585 1794 645 1851 τοῦ
667 1787 883 1870 πληρώματος
906 1793 966 1849 τοῦ
990 1785 1159 1870 Χριστοῦ.

309 1884 392 1949 ἀλλὰ
415 1888 450 1950 τί
470 1883 584 1969 πάσχω
608 1884 690 1972 πρὸς
713 1882 867 1967 ἀφωνίαν
891 1881 938 1946 ἐπ’
962 1883 1100 1966 ἀπειρον
1119 1881 1250 1966 ἐπάγων
1269 1883 1328 1948 τὸν
1347 1885 1548 1967 λογισμόν;3

222 1981 380 2060 πολλάκις
393 1985 456 2068 γάρ
473 1981 525 2048 ἐπὶ
540 1986 580 2048 τὰ
593 1984 706 2068 πρόσω
721 1992 839 2066 χωρῶν
860 1979 916 2045 καλ
939 1991 1007 2044 τών
1028 1979 1212 2065 θαυμάτων
1240 1981 1350 2064 εὑρεῖν
1373 1980 1524 2066 ἀπαρχήν

223 2081 370 2163 ἐρευνῶν
401 2083 448 2158 είς
479 2083 519 2145 τὰ
556 2079 675 2167 ἀρχαῖα
704 2081 806 2144 πάλιν
841 2081 1042 2162 καθίσταμαι
1132 2077 1187 2143 καλ
1222 2079 1283 2143 οὐκ
1319 2082 1381 2164 ἔχω
1415 2080 1523 2143 πόθεν

219 2176 441 2262 ἀπάρξασθαι,
499 2186 543 2266 τῷ
568 2181 689 2262 πλήθει
713 2187 780 2242 τῶν
803 2176 930 2262 ἀρετῶν
952 2185 1013 2242 τοῦ
1036 2175 1158 2261 ἀνδρὸς
1181 2179 1412 2260 συγχεόμενος·

220 2278 323 2340 ένθεν
349 2274 435 2340 ἕλκει
465 2277 524 2341 τὸν
553 2284 638 2341 νοῦν
667 2276 707 2340 τά
736 2276 838 2360 νεαρά
867 2275 1120 2360 κατορθώματα,
1210 2275 1339 2340 ἐκεῖθεν
1369 2273 1545 2340 ἀνθέλκειν

222 2373 324 2437 πάλιν
347 2371 382 2436 έκ
405 2382 462 2457 τῆς
486 2370 568 2460 ἕῷας
591 2371 623 2450 ἐξ
646 2368 685 2455 ῆς
707 2369 761 2436 καὶ
785 2370 961 2456 γεγέννητο
1023 2371 1064 2435 τδι
1086 2373 1208 2437 παλαιὰ
1231 2374 1469 2458 προτερήματα,

226 2468 295 2554 [καλ
325 2467 403 2534 οὐδὲ
432 2469 623 2558 βουλομένῳ
651 2482 842 2556 παραχωρεῖ
870 2469 1066 2554 παρελθεῖν]
1094 2466 1173 2535 οὐδέ
1202 2472 1265 2555 γάρ
1298 2469 1477 2556 ἀγέραστος
1503 2471 1523 2554 ή

223 2567 403 2651 ἐνεγκοῦσα
426 2569 485 2633 τὸν
509 2567 764 2653 εὐφημοῦμενον
812 2566 926 2652 μένειν
953 2565 1111 2652 ἀνέχεται.
1165 2569 1267 2654 ταύτῃ
1295 2569 1336 2652 δή
1359 2567 1414 2633 καὶ
1437 2572 1524 2634 νενί-

223 2690 323 2750 κημαι
390 2665 575 2731 κάντεῦθεν
598 2663 692 2754 ῷμην
714 2665 940 2753 κατάρξασθαι
1016 2663 1071 2730 καὶ
1094 2663 1198 2731 οίονεὶ
1224 2667 1416 2752 πρόδρομον
1441 2665 1524 2755 ἑῷόν

221 2786 297 2828 τινα
320 2772 365 2850 τῷ
389 2766 475 2851 λόγῷ
499 2766 844 2849 προκαταστήσασθαι.
934 2762 1046 2846 έπειδή
1074 2764 1137 2845 γὰρ
1168 2763 1257 2850 αὐτῷ
1279 2768 1386 2840 καλώς
1409 2762 1427 2828 δ
1450 2767 1523 2847 βίος
1534 2787 1559 2825 ιο

223 2861 325 2925 ε’κεῖσε
348 2862 507 2944 διήνυστο
579 2860 634 2926 καὶ
657 2861 677 2944 ῆ
701 2864 846 2946 μονήρης
865 2860 1022 2944 ἀσκητική
1041 2862 1225 2943 παλαίστρα
1243 2872 1371 2945 σεμνῶς
1395 2862 1523 2947 ίερούρ-

219 2982 300 3042 γητο
368 2959 426 3034 τάς
448 2957 605 3044 ἠρεμαίας
628 2959 732 3035 αῦλάς
753 2957 808 3024 καὶ
834 2963 906 3045 Θεῷ
930 2957 1123 3041 έγγιζούσας
1145 2959 1313 3042 διώκοντι,
1382 2970 1452 3036 τοῖς
1475 2957 1520 3024 δι’

217 3179 271 3246 καί
295 3180 331 3245 οί
349 3175 412 3265 μὲν
433 3177 504 3245 κατ’
530 3179 740 3247 ἐκεῖνοντὸν
762 3184 887 3268 χρόνον
909 3183 1002 3257 ὄντες
1025 3180 1087 3274 οῦκ
1109 3176 1172 3247 οἶδ’
1200 3181 1288 3258 ὅπως
1312 3186 1400 3268 λήθη
1423 3181 1629 3268 παρέ-εε-ιε

218 3280 347 3362 δραμον
368 3280 409 3343 τά
428 3276 498 3343 κατ’
522 3278 636 3361 αὐτόν,
654 3277 708 3343 καλ
728 3277 839 3356 οὐδεὶς
858 3279 1100 3365 συνεγράψατο,
1117 3282 1225 3345 πόθεν
1243 3279 1263 3363 ή
1282 3288 1348 3344 ποῦ
1367 3279 1521 3364 γεγέννη-

217 3399 271 3439 ται
294 3373 314 3458 ή
336 3377 444 3439 ποίων
466 3378 530 3459 ἔφυ
553 3373 681 3459 γονέων
703 3374 812 3460 ήπῶς
833 3376 868 3441 ἐκ
885 3377 1004 3453 παιδὸς
1022 3376 1144 3460 ἀνῆκτο
1163 3375 1183 3461 ή
1202 3387 1272 3455 πῶς
1290 3376 1544 3464 διαπέπρακτο.τ

219 3475 324 3557 μόνον
347 3469 384 3536 δέ
407 3471 439 3550 ἐξ
462 3471 562 3556 ἀκοῆς
583 3476 833 3558 παρειλήφαμεν
861 3473 917 3539 καλ
945 3475 1001 3539 διά
1028 3483 1086 3558 τῆς
1112 3486 1180 3540 τῶν
1205 3477 1390 3559 θαυμάτων
1416 3477 1521 3541 αὐτοῦ

219 3569 374 3654 ἐργασίας
397 3570 437 3634 τά
459 3569 528 3635 κατ’
556 3571 660 3636 αὐτὸν
682 3573 831 3655 ἔγνωμεν
854 3572 971 3655 οὕτως,
994 3572 1039 3648 ὡς
1062 3573 1097 3637 οί
1121 3575 1161 3637 τά
1188 3571 1259 3638 κατ’
1289 3572 1393 3638 αὐτὸν
1420 3571 1521 3655 έγνω-

217 3669 312 3744 κότες
336 3669 452 3751 φασίν·
472 3667 507 3732 ἐκ
525 3669 691 3733 παιδόθεν
708 3670 768 3733 τὸν
790 3673 918 3755 μονήρη
937 3672 1013 3753 βίον
1031 3669 1175 3753 ἀσκήσας
1203 3670 1325 3754 σεμνὸν
1356 3670 1520 3756 ίερούργει

201 3766 254 3829 -τὸ
273 3762 475 3850 καλλιέρημα
499 3774 545 3852 τῷ
566 3770 648 3853 Θεῷ,
671 3767 729 3842 τάς
751 3766 909 3853 ἠρεμαίας
932 3768 1034 3844 αῦλάς
1057 3765 1111 3832 καὶ
1137 3771 1209 3854 Θεῷ
1232 3767 1421 3851 ε’γγιζούσας
1444 3771 1520 3834 διώ-

217 3886 295 3927 κων.
318 3861 475 3928 κάκεῖθεν
498 3872 677 3948 στομοῦται
700 3860 761 3948 μέν
784 3867 821 3930 τὸ
845 3876 939 3948 σῶμα
961 3865 1044 3950 πρὸς
1067 3865 1213 3948 δύναμιν
1235 3868 1390 3951 ἀρρήτου,
1412 3869 1521 3944 θείοις
1531 3896 1557 3935 ιο

219 3956 256 4022 δέ
287 3958 440 4045 τρέφεται
472 3962 533 4045 τήν
564 3961 674 4045 ψυχήν
706 3966 931 4048 θεωρήμασιν.
973 3961 1133 4027 ἐντεῦθεν
1164 3960 1219 4026 καὶ
1251 3971 1308 4046 τῆς
1339 3966 1434 4041 θείας
1465 3964 1520 4030 καὶ

220 4055 403 4142 ίεραρχικῆς
425 4067 520 4143 τιμῆς
539 4061 595 4125 διδι
613 4059 672 4125 τὸν
695 4060 852 4146 ἐνάρετον
870 4059 974 4124 αὐτοῦ
993 4057 1048 4124 καὶ
1066 4061 1188 4125 ἔνθεον
1206 4062 1282 4143 βίον
1299 4061 1520 4146 καταξιοῦται,

220 4213 430 4224 ιιι--ι-ι--ύ-

307 4324 362 4387 2,3
386 4319 564 4389 ἀναστροφῆς
583 4337 649 4376 eorr.
669 4321 877 4376 Radermacher
901 4327 905 4393 1
930 4330 945 4376 6
965 4321 1001 4378 ἂν
1019 4323 1225 4378 Radermacher
1251 4319 1350 4392 ἆραΑ
1378 4328 1382 4393 Ι
1411 4343 1517 4392 προκα-

217 4397 387 4469 ταλαβὼνΑ
410 4403 414 4469 Ι
441 4405 473 4452 13
493 4399 669 4469 ὡτήμεραιΑ
690 4404 694 4472 λ
716 4408 749 4456 15
769 4401 870 4471 Ephes.
890 4409 965 4470 4,13
987 4406 997 4474 ΙΙ
1021 4410 1046 4472 3,
1065 4410 1082 4457 4
1101 4403 1326 4472 ἀρπάξασθαιΑ
1352 4406 1356 4474 λ
1382 4409 1397 4456 7
1417 4404 1520 4458 iudea

217 4497 241 4532 v.
260 4488 422 4549 παραχωρεῖ
442 4480 552 4534 aceedit
570 4479 758 4536 Messanensis
774 4483 778 4552 Ι
795 4481 847 4552 γάρ
867 4501 920 4538 om.
940 4484 964 4537 A
990 4486 994 4555 Ι
1019 4490 1035 4538 8
1055 4482 1148 4554 μένειν
1166 4483 1295 4555 ἀνέχεται
1314 4486 1378 4538 ante
1397 4484 1447 4540 τόν
1466 4485 1496 4537 M
1512 4485 1517 4558 Ι

218 4564 233 4611 9
253 4557 323 4626 έῶγν
341 4559 371 4611 Μ
387 4561 391 4627 Ι
409 4564 440 4613 11
461 4576 567 4629 σεμνων
580 4561 610 4614 Μ
625 4564 630 4633 Ι
646 4561 814 4633 ίερονργεῖτο
828 4563 854 4616 A

323 4733 410 4782 ε-ιο
428 4752 464 4777 ω
482 4733 508 4798 a,
523 4733 627 4784 11-12
644 4734 648 4800 ι
665 4736 768 4786 10-11
789 4759 822 4778 --
842 4737 986 4804 ara-15
