3550 5317
646 324 688 376 De
706 322 888 377 incubatione
908 321 1069 375 christiana.
1467 319 1509 383 73

299 487 466 573 Apparent
495 491 651 572 martyres
682 487 895 552 subridentes:
926 487 1104 570 φαίνονται
1134 484 1223 572 αὐτῷ
1254 485 1355 549 πάλιν
1384 484 1509 568 μειδι-

208 598 327 664 ῶντες
355 595 400 675 τῷ
430 588 597 673 προσώπῳ
626 584 681 650 καὶ
719 585 874 668 λέγουσιν
907 583 996 671 αὐτῷ
1029 583 1066 648 ἐν
1095 583 1235 668 ὀπτασίᾳ
1265 587 1332 646 κτλ.
1367 582 1418 664 11,
1436 581 1510 646 372.

206 686 519 769 ὑπομειδιῶντες
551 682 707 766 λέγουσιν
741 683 796 766 18,
814 682 888 746 440.
931 681 1120 756 ἐπιστάντες
1148 689 1194 768 τῷ
1226 677 1324 764 ἀνδρὶ
1357 681 1393 744 οί
1421 680 1511 762 ἁγιοι

207 781 283 848 καθ’
307 783 416 848 ύπνον
438 784 669 866 μειδιῶντες
691 781 774 867 πρὸς
795 779 899 846 αὐτὸν
916 777 971 844 καὶ
989 780 1029 845 τὰ
1047 781 1207 864 πρόσωπα
1227 779 1340 862 ίλαρὰ
1359 779 1510 842 δεικνῦν-

206 905 258 958 τες
281 881 333 964 23,
352 879 426 945 474.
465 877 702 964 ἐπιλαβομένης
725 881 841 944 τοίνυν
865 875 978 963 ἑτέρας
1000 877 1120 953 νυκτὸς
1143 879 1321 960 φαίνονται
1348 875 1432 961 αὐτῇ
1451 927 1458 939 .
1478 926 1510 939 ..

206 980 437 1061 μειδιῶντες
459 985 504 1065 τῷ
527 978 693 1063 προσώπῳ
717 977 769 1060 27,
788 975 862 1040 500.

300 1075 460 1141 Videntur
486 1075 589 1140 sancti
619 1075 678 1139 sub
706 1074 811 1157 specie
839 1071 954 1138 aliena:
981 1075 1131 1159 ,άίνειειέ
1156 1074 1192 1136 in
1218 1074 1337 1137 diverso
1363 1071 1513 1136 schemate

208 1177 254 1240 νεῖ
276 1176 379 1258 βμνκα
401 1175 575 1256 senciamus
598 1195 657 1255 per
679 1173 827 1237 visionem
850 1174 1029 1237 οεῖεκιιῖαιιίζ
1056 1169 1095 1235 Α.
1115 1193 1138 1235 ε.
1157 1195 1188 1254 p.
1206 1171 1282 1251 461,
1303 1168 1374 1234 185.
1420 1168 1512 1248 „Oes-

208 1293 277 1337 mus
291 1273 547 1337 insimilitudine
564 1271 719 1336 Gaudiosi
732 1271 894 1336 αιίιιειίακι
906 1271 1050 1334 monachi
1058 1270 1212 1352 peliicias
1230 1269 1370 1332 aduenit‘
1385 1267 1427 1332 ib.
1439 1267 1511 1331 186.

84 1400 86 1403 ’
208 1369 346 1435 Omnino
371 1373 461 1434 extra
484 1369 641 1452 templum
664 1370 801 1453 figuram
825 1390 915 1432 suam
938 1371 1063 1432 mutare
1087 1367 1192 1432 solent
1215 1366 1311 1449 idque
1334 1365 1432 1449 ὕπαρ.
1473 1363 1512 1428 Iu

208 1469 322 1533 itinere
350 1471 505 1553 apparent
532 1467 601 1531 viro
632 1467 758 1531 cuidam
781 1465 818 1531 ἐν
846 1468 984 1550 σχήματι
1011 1472 1178 1550 κληρικιῦν
1203 1465 1253 1548 18,
1271 1464 1352 1549 426;
1378 1463 1417 1528 ef.
1436 1463 1511 1527 432.

206 1567 458 1650 Nonnumquam
482 1565 562 1630 alter
591 1565 814 1630 tantummodo
843 1567 1026 1629 sanctorum
1052 1563 1191 1626 videtur:
1219 1555 1275 1638 εἷς
1301 1563 1418 1627 τοίνυν
1444 1573 1512 1626 τῶν

207 1665 269 1730 δύο
292 1667 511 1750 θεραπόντων
533 1671 593 1728 τοῦ
612 1668 759 1747 Χριστοῦ
783 1661 819 1726 ἐν
838 1665 976 1746 σχήματι
994 1662 1173 1748 περιχύτου
1191 1658 1309 1744 φανεὶς
1331 1657 1380 1741 (in
1397 1659 1511 1723 balneo

208 1759 330 1849 vicino)
349 1767 416 1826 κτλ.
438 1763 487 1845 12,
506 1763 580 1827 388.
603 1768 726 1845 θεωρεῖ
748 1759 815 1824 ἕνα
835 1771 903 1825 τῶν
921 1759 1027 1843 ἁγίων
1045 1758 1259 1844 ἐξερχόμενον
1276 1764 1343 1823 κτλ.
1367 1757 1419 1840 20,
1437 1756 1511 1822 458.

208 1862 280 1926 ι”δεν
302 1862 384 1925 κατὰ
407 1863 468 1944 τὴν
492 1859 651 1925 ἐνύπνιον
672 1859 752 1935 ὄψιν
771 1859 877 1944 ἄνδρα
901 1860 976 1923 τινὰ
991 1910 998 1922 .
1014 1910 1020 1922 .
1036 1909 1043 1922 .
1057 1858 1195 1942 ὀνόματι
1217 1860 1357 1940 Κοσμιῖιν
1370 1856 1423 1939 21,
1437 1855 1511 1919 464.

207 1963 319 2042 ἔλεγεν
348 1957 366 2022 ὁ
394 1957 515 2043 ὀφθεὶς
543 1957 626 2043 ἁνηρ
651 2009 658 2022 .
683 2009 689 2022 .
714 2009 721 2022 .
743 1954 798 2022 καλ
825 1965 929 2022 ταῦτα
956 1953 1017 2041 μὲν
1043 1953 1122 2020 καθ’
1153 1954 1262 2020 ύπνου
1285 1953 1327 2019 ib.
1346 1953 1420 2020 466.
1457 1956 1515 2018 καί

206 2080 282 2121 τινα
305 2054 482 2141 ἑωρακέναι
502 2054 558 2142 (sc.
578 2052 716 2142 συνέβη)
739 2066 807 2120 τῶν
830 2054 935 2137 ἁγίων
954 2056 1011 2119 διὰ
1028 2062 1085 2137 της
1103 2055 1222 2130 νυκτὸς
1239 2051 1385 2118 θέλοντα
1402 2074 1513 2138 περιο-

208 2156 324 2219 δεῦσαι
343 2157 404 2238 τὴν
422 2154 563 2239 γαστέρα
582 2153 686 2219 αὐτοῦ
700 2153 752 2235 23,
766 2153 840 2216 476.
865 2151 988 2236 συνέβη
1007 2153 1083 2217 τιυὰ
1100 2153 1268 2236 πάσχοντα
1286 2152 1365 2226 τοὺς
1383 2150 1512 2233 ὀφθαλ-

207 2255 291 2336 μούς
314 2303 320 2316 .
346 2302 352 2315 .
377 2303 383 2316 .
408 2253 493 2318 ἰδεῖν
522 2249 589 2315 κατ’
624 2253 706 2335 δναρ
738 2249 806 2315 ἕνα
837 2261 905 2314 τῶν
937 2249 1042 2332 ἁγίων
1074 2247 1126 2332 25,
1145 2249 1219 2313 486.
1266 2247 1372 2312 Semel
1403 2251 1513 2312 sancta

207 2351 310 2434 Virgo
335 2372 408 2414 cum
431 2348 625 2432 martyribus
650 2370 683 2412 se
706 2348 800 2412 offert
824 2370 941 2431 cosque
969 2351 1137 2433 aegrotum
1160 2347 1310 2411 adiuvare
1332 2346 1435 2410 iubet:
1457 2343 1513 2410 καὶ

206 2455 330 2533 θεωρεῖ
358 2445 422 2534 (vir
449 2444 593 2533 quidam)
626 2447 682 2510 διὰ
714 2453 771 2528 τῆς
803 2446 924 2521 νυκτὸς
956 2443 1153 2530 ἐρχομένους
1184 2446 1267 2528 πρὸς
1300 2443 1404 2508 αὐτὸν
1435 2446 1513 2520 τοὺς

208 2547 418 2630 θεράποντας
441 2553 501 2610 τοῦ
525 2550 671 2629 Χριστοῦ
695 2547 735 2608 K.
754 2541 809 2608 καὶ
831 2549 873 2608 Δ.
892 2542 994 2628 μέσον
1017 2547 1152 2628 ἔχοντας
1170 2544 1232 2627 την
1249 2540 1514 2629 κεχαριτωμένην

208 2642 391 2730 Παρθένου
413 2640 469 2707 καὶ
492 2642 656 2726 λέγουσαν
678 2641 805 2718 αὐτοῖς·
831 2640 891 2726 ἰδέ,
914 2636 1012 2719 οὗτός
1035 2641 1127 2707 ἐστιν
1145 2641 1163 2707 δ
1182 2651 1305 2708 νοσῶν·
1325 2642 1514 2724 βοηθήσατε

208 2741 296 2828 αὐτῷ
320 2743 376 2806 διὰ
398 2739 559 2826 τάχουςῑ).

298 2838 456 2922 Martyres
479 2839 529 2902 bis
552 2843 602 2902 ter
625 2839 727 2902 eidem
750 2838 874 2902 homini
899 2842 1062 2922 apparent,
1085 2839 1112 2903 si
1135 2861 1201 2903 non
1229 2837 1415 2922 exsequitur
1432 2861 1513 2922 quae

208 2937 447 3021 imperaverint:
474 2937 738 3022 προστάττουσιν
765 2936 827 3021 γὰρ
857 2936 982 3019 ταύτην
1009 2934 1178 3023 (Ἑβραῖαν
1201 2988 1207 3001 .
1232 2989 1238 3001 .
1263 2934 1284 3023 .)
1311 2947 1419 3023 κρεῶν
1445 2962 1514 3021 χοι-

208 3037 308 3117 ρείων
344 3037 539 3118 μεταλαβεῖν
578 3032 621 3121 (v.
645 3031 754 3120 supra)
785 3085 791 3098 .
823 3085 829 3098 .
861 3085 867 3098 .
899 3033 1002 3099 πάλιν
1032 3033 1072 3099 ἐκ
1103 3036 1124 3099 d
1129 3033 1292 3121 ευτέρου
1325 3033 1514 3110 ἐπιστάντες

207 3132 295 3218 ,αὐτῇ
320 3184 326 3197 .
351 3184 357 3197 .
382 3184 388 3197 .
416 3143 484 3198 τῶν
511 3131 622 3197 αὐτῶν
649 3142 756 3217 κρεῶν
783 3131 887 3215 αὐτην
914 3133 1177 3216 μεταλαμβάνειν
1205 3130 1358 3198 ἐκέλευον
1382 3185 1388 3198 .
1413 3185 1419 3198 .
1444 3185 1451 3198 .
1474 3132 1514 3198 ἐκ

208 3234 345 3317 τρίτου
377 3229 569 3314 φθάσαντες
599 3234 667 3295 κτλ.
697 3230 732 3312 2,
751 3231 825 3295 316.
866 3230 1060 3296 κελεύουσιν
1094 3233 1174 3316 μίαν
1208 3231 1328 3317 κράσιν
1361 3233 1514 3316 κεδραίας

208 3339 298 3393 πιεῖν
327 3379 333 3392 .
363 3380 368 3392 .
398 3379 404 3392 .
432 3328 551 3393 πάλιν
583 3326 743 3412 φανέντες
766 3329 854 3416 αὐτῷ
880 3379 886 3392 .
911 3379 949 3392 ..
980 3327 1019 3393 ἐκ
1048 3331 1187 3414 τρίτου
1211 3328 1401 3405 ἐπιστάντες
1423 3328 1513 3417 αὐτῷ

210 3426 260 3508 11,
275 3425 349 3489 370.
387 3425 552 3509 ὤφθησαν
580 3427 615 3490 οί
638 3425 843 3510 θεράποντες
867 3477 873 3490 .
898 3477 905 3490 .
929 3477 936 3490 .
963 3427 1065 3491 πάλιν
1097 3426 1137 3492 ἐκ
1165 3425 1355 3513 δευτέρου
1388 3426 1513 3511 ὀφθέν-

208 3545 290 3600 τες.
316 3573 322 3586 .
347 3574 354 3586 .
383 3521 423 3587 ἐκ
455 3525 592 3606 τρίτου
620 3519 656 3588 δέ
684 3522 773 3610 αὐτῷ
801 3522 965 3607 ὀφθέντες
992 3524 1044 3607 24,
1058 3525 1178 3609 480sq.
1225 3528 1403 3609 φαίνονται
1429 3524 1513 3610 αὐτῇ

208 3621 244 3685 oi
272 3621 410 3706 μεγάλοι
439 3617 546 3706 ῖατρολ
579 3672 585 3686 .
615 3671 621 3685 .
650 3672 656 3685 .
687 3621 877 3697 ἐπιστάντες
903 3623 986 3708 αὐτῇ
1015 3621 1054 3688 ἐκ
1085 3621 1274 3708 δευτέρου
1302 3632 1341 3708 τη
1374 3621 1539 3710 ἐπιούσῃ.

208 3721 306 3784 νυκτί
327 3719 379 3802 27,
393 3716 467 3784 500.
493 3717 567 3783 504.
1330 3788 1332 3791 ,

297 3816 433 3899 Accidit,
457 3821 494 3881 ut
517 3817 642 3882 somnia
666 3817 787 3902 ἐναργῆ
810 3818 930 3883 frustra
957 3821 1193 3902 exspectentur:
1221 3817 1345 3900 ὀλίγων
1372 3814 1409 3882 δὲ
1436 3817 1512 3903 ημε-

210 3925 279 3999 ρῶν
303 3914 548 4000 διαγενομένων
566 3913 621 3980 καὶ
634 3917 794 4001 μηδεμιᾶς
808 3915 999 3992 ἐπιστασίας
1018 3916 1107 4002 αὐτῷ
1125 3915 1191 3980 ὑπὸ
1210 3925 1279 3980 τῶν
1296 3913 1402 3998 ἁγίων
1419 3940 1513 3999 γευο-

208 4009 308 4094 μέυης
324 4013 430 4094 1,306.
449 4015 573 4105 χρόνον
588 4012 629 4078 δέ
639 4037 730 4088 τινος
747 4017 980 4101 παρφηηκύτος
997 4011 1052 4077 καὶ
1070 4023 1131 4079 τοῦ
1149 4014 1281 4089 πάθους
1299 4062 1307 4077 .
1327 4065 1333 4077 .
1353 4013 1513 4100 οὐδεμίαν

209 4107 369 4195 αλτίανβ)
398 4109 640 4193 ὁμολογοῦντος
668 4110 697 4194 3,
717 4110 790 4174 322.
829 4111 946 4176 ίκανοῦ
974 4107 1011 4175 δὲ
1037 4114 1161 4197 χρόνου
1191 4110 1431 4195 διαγενομένου
1458 4109 1513 4176 καὶ

210 4204 427 4289 ἐπιμενούσης
450 4205 486 4270 ἐν
509 4208 597 4295 αὐτῷ
620 4218 678 4291 τῆς
701 4207 877 4284 ἀσθενείας
899 4207 930 4292 4,
949 4208 1023 4273 328.
1061 4208 1273 4295 ἐνδιατρίψας
1301 4204 1364 4274 οὖν
1390 4207 1513 4293 ἡμέρας

212 4304 328 4379 ίκανὰς
358 4300 413 4368 καὶ
445 4312 502 4386 τῆς
532 4303 614 4381 θέας
645 4316 713 4371 τῶν
742 4305 848 4388 ἁγίων
880 4305 921 4370 ού
957 4309 1068 4391 τυχὼν
1104 4306 1289 4394 ἀναχωρεῖν
1323 4303 1510 4391 ἐβούλετοέ)

299 4533 325 4602 1)
343 4532 366 4584 Ε
384 4531 445 4586 cod.
465 4532 586 4587 Vindob.
603 4533 636 4588 cf.
652 4534 684 4588 A.
700 4552 720 4588 ε.
735 4553 762 4604 p.
777 4541 839 4603 460,
855 4541 919 4604 1763
937 4535 1068 4591 Reincldi
1094 4536 1198 4591 Dehnii
1220 4537 1303 4589 notas
1327 4535 1363 4587 ad
1382 4533 1410 4588 6.
1430 4536 1460 4588 et
1477 4533 1510 4589 D.

209 4611 346 4666 miracula
365 4612 439 4682 apud
457 4612 715 4682 Wangnereckium
732 4633 758 4684 p.
775 4614 899 4669 XXXIV.

298 4695 325 4762 2)
344 4691 502 4764 ἐβουλεύετο
521 4692 604 4748 Vind.
