3550 5317
661 297 702 388 De
720 295 902 350 incubatione
921 295 1082 348 christiane
1481 293 1524 356 93

221 466 253 526 et
271 460 405 527 Ioannes
412 459 447 548 ¹.)
475 459 657 527 Oeconcmc
677 459 805 524 adiunct
791 463 843 522 tus
863 463 932 522 erat
948 462 1006 522 not
1007 458 1093 522 arins
1101 454 1136 545 ¹.)
1166 456 1335 520 Praeterea
1353 461 1524 521 occurrunt

221 557 357 624 Ioannes
381 556 579 647 διὰκονος3,)
603 559 692 623 cuius
716 555 915 622 domicilium
939 579 1011 620 cum
1035 556 1106 639 ipso
1129 553 1251 638 templo
1282 558 1349 617 erat
1377 555 1525 619 coniunc-

220 655 338 745 tum4),
361 656 496 723 Ioannes
521 657 650 740 quidam
678 665 736 739 της
762 657 942 740 θεραπείας
968 662 1029 718 τοῦ
1056 662 1124 718 τῶν
1151 652 1257 736 ἁγίων
1285 653 1524 738 προϊστάμενος

220 759 387 841 μνήματος
411 752 477 842 (40,
492 753 578 818 3576
589 752 650 841 D),
678 749 862 838 θυρωροί3)
891 747 958 837 (67,
973 749 1060 815 3653
1069 748 1108 837 Ο)
1135 748 1187 815 vel
1214 752 1367 835 πυλωροί
1393 747 1450 837 (ib.
1469 747 1524 836 D),

218 851 485 940 ὑποδιοίκονος3),
509 853 645 935 denique
669 851 703 915 in
725 850 911 914 universum
940 849 985 913 sic
1012 847 1165 933 appellati
1192 855 1239 935 τῷ
1261 856 1325 934 νεῷ
1350 848 1524 912 διακονού-

219 975 312 1035 μενοι
322 949 357 1040 3).
394 949 482 1016 Inter
498 973 592 1033 quem
605 949 857 1014 ministrantium
875 969 1046 1011 numerum
1064 946 1150 1010 haud
1168 945 1262 1030 pauci
1281 945 1524 1010 inveniebantur

221 1071 340 1132 eorum,
364 1049 419 1131 qui
443 1049 595 1133 gravibus
618 1047 740 1112 morbis
764 1049 948 1110 sanctorum
972 1067 1032 1129 ope
1054 1043 1182 1108 liberati
1205 1043 1267 1108 hoc
1285 1043 1380 1108 modo
1405 1043 1524 1128 gratias

219 1169 293 1211 suas
320 1145 551 1231 persolverimt.
596 1143 635 1209 Id
665 1144 750 1228 quod
781 1165 852 1206 cum
883 1164 901 1207 ο
928 1163 1005 1207 voce
1033 1148 1237 1227 λειτουργῶν
1269 1139 1372 1205 elucet
1398 1142 1523 1204 muneri

218 1248 365 1329 suscepto
389 1242 537 1332 additc8),
560 1248 630 1308 tum
653 1243 800 1326 pluribus
824 1239 980 1324 exemplis
998 1239 1181 1304 confirmari
1203 1235 1351 1325 potest9).
1387 1236 1525 1302 Notissi-

218 1365 289 1407 mus
313 1340 487 1428 Sophronii
510 1341 710 1425 temporibus
734 1342 801 1404 erat
826 1337 981 1424 Georgius
1005 1358 1110 1421 sonex,
1134 1337 1189 1420 qni
1213 1338 1379 1422 sexaginta
1401 1340 1523 1420 septem

217 1464 274 1523 per
297 1463 397 1506 annos
427 1441 462 1504 in
489 1460 577 1504 sacro
605 1442 750 1503 versatus
780 1441 848 1502 erat
874 1439 998 1523 χρόνον
1020 1437 1095 1501 τινὰ
1124 1444 1185 1500 τοῦ
1212 1445 1296 1500 ναοῦ
1323 1443 1524 1518 θαυμαστῶς

216 1539 423 1624 ἡγησάμενος
450 1537 502 1622 51,
518 1537 604 1602 3613
614 1535 695 1622 Βίθ.
744 1533 881 1618 Accidit,
912 1538 949 1598 ut
975 1534 1039 1617 ipsi
1066 1533 1169 1598 sancti
1195 1533 1332 1597 retinere
1359 1532 1461 1596 velint
1488 1532 1523 1595 in

218 1658 307 1700 sacro
331 1658 403 1720 suo,
431 1658 526 1719 quem
556 1635 651 1699 modo
680 1634 874 1720 curaverint,
904 1633 950 1697 sic
977 1653 1069 1696 caeco
1098 1629 1212 1696 loanni
1242 1631 1436 1695 subdiacono
1466 1653 1524 1714 per

218 1755 366 1798 somnum
386 1734 511 1798 dicunt:
534 1734 572 1798 τὸ
592 1733 710 1799 λοιπὸν
733 1727 796 1798 οὖν
819 1731 964 1796 ἐνθάδε
983 1739 1049 1794 τῶν
1067 1731 1259 1815 μυστηρίων
1281 1735 1429 1815 Χριστοῦ
1452 1751 1523 1812 μετ-

218 1833 380 1917 ελάμβανε
411 1829 445 1918 (l.
468 1828 708 1918 μεταλὰμβανε)
740 1828 792 1914 37,
807 1828 944 1893 3561Ι).
994 1828 1085 1894 lusso
1119 1828 1232 1892 effecto
1264 1827 1369 1891 tribus
1410 1826 1522 1890 diebus

216 1934 290 2014 post
313 1934 443 1994 sanatur
465 1927 613 2012 Ioannes,
642 1929 772 1993 domum
795 1951 870 1992 vero
902 1928 978 1990 dum
1007 1927 1184 2009 contendit,
1214 1926 1249 1990 in
1275 1926 1390 1990 itinere
1418 1925 1521 1993 denuc

199 2026 386 2114 oculorum
413 2027 589 2092 luminibus
617 2027 770 2111 privatur.
815 2026 975 2090 Reversus
1003 2026 1044 2090 cd
1076 2045 1201 2089 sacrum
1229 2021 1417 2107 ἀναβλέψας
1445 2024 1522 2088 δου-

216 2127 305 2191 λεύει
328 2135 398 2202 τοῖς
416 2127 558 2212 μάρτυσι
578 2123 681 2212 (3564
691 2122 744 2211 O);
766 2146 869 2208 neque
892 2128 1002 2188 tamen
1020 2124 1136 2188 iterum
1155 2122 1283 2205 penitus
1306 2123 1443 2202 curatur,
1466 2121 1522 2185 ίνα

216 2231 336 2288 τοῦτον
359 2225 454 2289 ἄλλοι
477 2224 641 2307 θεώμενοι
666 2220 792 2287 ἑαυτῶν
816 2221 1055 2307 ἀσφαλέστεροι
1078 2223 1249 2303 γίγνοιντο
1268 2217 1355 2282 3565
1365 2218 1402 2282 Β.
1434 2215 1522 2282 Inter

216 2321 275 2384 hos
308 2323 487 2405 martyrum
520 2321 651 2384 ‘servos’
683 2319 821 2403 denique
850 2318 1120 2384 commemorandi
1148 2321 1223 2382 sunt
1255 2319 1434 2402 φιλόπονοι
1464 2315 1521 2398 illi,

217 2418 272 2500 qui
295 2441 314 2482 a
336 2419 491 2484 ministris
514 2418 610 2483 modo
634 2417 779 2483 tractatis
802 2439 868 2482 non
891 2417 1009 2481 diversi
1031 2417 1131 2481 fuisse
1153 2414 1314 2479 videntur:
1345 2418 1436 2478 erant
1458 2414 1521 2497 ipsi

216 2537 343 2599 quoque
367 2539 405 2580 ex
429 2520 633 2602 aegrotorum
657 2516 713 2599 qui
736 2514 964 2580 convaluerant
986 2511 1174 2600 numerem).

203 2677 206 2682 .
305 2623 437 2688 Sacrum
470 2623 551 2687 illud
586 2621 661 2707 Cyri
692 2626 723 2687 et
753 2622 882 2687 Ioannis
915 2644 953 2686 ec
983 2620 1086 2705 magis
1121 2620 1200 2683 adeo
1228 2620 1342 2683 florere
1376 2620 1520 2703 potuisse

215 2721 396 2805 miraberis,
427 2743 499 2786 cum
529 2721 696 2807 intelleges
727 2742 790 2804 qua
820 2720 945 2784 ratione
973 2723 1151 2802 martyrum
1179 2717 1284 2781 cultus
1313 2719 1520 2801 postmodum

304 2915 332 3093 ἁ)
350 2913 510 3063 ίὶίηὰἁζ4δδ3
519 2914 552 3048 δ
555 2914 751 3063 ἓριστοδίορου
769 3002 819 3048 τοῦ
842 3003 898 3049 τῶν
916 2990 1004 3064 ἁγίων
1028 2989 1179 3060 οἰκονόμου
1202 2991 1332 3060 νοτὰριος
1356 2948 1399 3061 39,
1409 2992 1518 3045 3576A.

215 3072 378 3142 δνοτοίριος
397 3073 412 3128 ἁ
431 3074 614 3148 Χριστοδιίιρῳ
633 3076 680 3129 καὶ
703 3083 736 3146 τῇ
759 3083 815 3129 τῶν
839 3071 928 3145 ἁγίων
951 3071 1098 3148 οἰκονομία
1121 3073 1341 3142 διακονούμενος
1363 3073 1398 3125 de
1421 3073 1520 3126 eodem

214 3153 297 3207 Mena
315 3159 358 3220 49,
374 3155 484 3208 35761).

304 3228 331 3295 3)
347 3224 482 3281 Ἰωάννου
501 3225 551 3295 μὲν
569 3234 619 3280 τοῦ
638 3224 774 3282 διακόνου
792 3234 841 3281 τοῦ
860 3234 916 3280 τῶν
934 3221 1023 3295 ἁγίων
1041 3221 1172 3293 τεμένους
1191 3229 1233 3293 11,
1248 3224 1358 3277 345213.

302 3306 330 3372 4)
348 3303 494 3374 παρέκειτο
514 3305 566 3376 γὰρ
587 3307 661 3379 αύτῷ
680 3309 727 3376 (sc.
746 3311 784 3379 τῷ
803 3305 920 3375 τεμένει)
944 3305 976 3358 τδ
1000 3303 1155 3373 δωμάτιον,
1178 3306 1226 3358 καὶ
1249 3303 1298 3358 διὰ
1319 3311 1369 3358 τοῦ
1392 3304 1446 3360 νεὼ
1468 3303 1519 3372 τὴν

215 3385 254 3446 εἰς
272 3379 352 3438 οίκον
371 3384 481 3440 εἴσοδον
500 3385 620 3440 ἐποιεῖτο
640 3388 688 3440 καὶ
707 3385 805 3451 ίξοδον
823 3386 861 3439 ib.
882 3386 914 3439 D.

304 3466 330 3534 5)
350 3464 478 3520 Calodtes
498 3465 614 3534 quidam
632 3465 737 3520 ianitor
755 3461 773 3520 a
791 3465 963 3534 martyribus
981 3480 1031 3534 per
1050 3482 1176 3519 somnum
1198 3463 1371 3534 flagellatur,
1395 3463 1463 3531 quia
1482 3464 1519 3516 ed

214 3544 367 3615 Georgium
386 3548 533 3614 aegrotum
550 3545 692 3599 medicum
710 3546 866 3599 adduxerat
886 3550 929 3614 67,
944 3545 1049 3599 3656Β.

303 3626 329 3694 6)
348 3627 513 3695 λειτουργῶν
532 3627 570 3688 ὡς
587 3624 776 3688 δποδιοίκονος
795 3624 825 3680 ἐν
848 3630 886 3698 τῷ
911 3630 1000 3696 σεπτῷ
1018 3634 1074 3681 τῶν
1092 3623 1181 3695 ἁγίων
1203 3623 1333 3692 οἰκήματι
1352 3629 1395 3691 36,
1405 3628 1475 3676 3549
1485 3623 1517 3677 A.

302 3707 329 3775 λ)
349 3704 376 3759 οὶ
403 3702 465 3760 τότε
495 3710 534 3778 τῷ
561 3710 615 3780 νεῷ
648 3705 863 3775 διακονούμενοι
893 3711 921 3773 1,
941 3711 1010 3760 3425
1020 3706 1052 3760 Ι).
1086 3705 1113 3758 οὶ
1144 3709 1182 3776 τῷ
1217 3707 1272 3776 νεῷ
1303 3703 1518 3772 διακονούμενοι

213 3790 255 3854 cr,
270 3790 339 3840 εσσε
350 3785 380 3839 Β.

301 3869 328 3936 8)
346 3885 370 3920 κ.
391 3866 455 3920 adn.
471 3872 495 3920 6.
511 3866 545 3920 cf.
561 3866 735 3938 67,96531);
764 3867 888 3934 πυλωροὶ
907 3909 913 3920 .
930 3910 958 3921 ..
979 3866 1028 3919 καὶ
1047 3864 1075 3918 οὶ
1099 3863 1151 3933 τὴν
1168 3860 1343 3932 λειτουργίαν
1361 3871 1417 3917 τῶν
1431 3859 1519 3933 ἁγίων

213 3946 382 4015 ποιούμενοι

302 4027 465 4097 >Ioannes
484 4027 638 4096 Byzantius
658 4027 751 4090 ἰαθεὶς
773 4029 821 4082 καὶ
845 4023 961 4096 ρυσθεὶς
982 4034 1032 4080 τοῦ
1056 4024 1210 4094 νοσηματος
1233 4022 1346 4095 χάριτος
1368 4023 1450 4079 ἕνεκα
1469 4024 1517 4079 διὰ

213 4103 276 4176 βίον
295 4107 437 4161 δουλεύειν
455 4117 513 4170 τοῖς
532 4106 623 4178 ἁγίοις
641 4105 772 4179 ὑπέσχετο
793 4113 835 4176 11,
850 4107 961 4160 3453Α.
980 4104 1050 4174 ὑπὲρ
1069 4101 1137 4161 ὧν
1123 4104 1256 4160 ἁπάντων
1270 4106 1439 4182 εὐχαριστῶν
1453 4107 1517 4159 δου-

213 4185 284 4239 λεύει
304 4184 462 4248 σπουδαίως
475 4196 534 4249 τοις
547 4189 682 4257 μάρτυσιν
697 4187 869 4259 (Theodorus
885 4186 1085 4256 subdiaconus)
1100 4192 1143 4254 36,
1154 4190 1222 4239 9561
1233 4186 1266 4238 A
1298 4185 1417 4239 Ioannes
1431 4184 1517 4252 Libys

211 4266 302 4336 τυχὼν
320 4273 369 4336 τῆς
387 4267 542 4334 λυτρώσεως
559 4277 615 4322 τῶν
634 4266 791 4323 σεσωκύτων
810 4263 899 4337 ἁγίων
917 4269 1020 4322 δοῦλον
1039 4265 1139 4322 ἑαυτὸν
1157 4264 1342 4338 ἁπεγραψατο
1352 4311 1358 4322 ,
1369 4308 1376 4320 .
1389 4309 1394 4320 .
1409 4266 1457 4319 καὶ
1474 4307 1516 4318 ...

211 4346 243 4400 τὸ
262 4355 318 4401 τῶν
336 4343 424 4415 ἁγίων
442 4347 593 4415 μαρτύριον
612 4345 718 4422 ᾤκησεν
737 4354 780 4416 40,
796 4347 908 4402 35774.
937 4347 1078 4401 Tribunus
1093 4364 1191 4402 caecus
1207 4349 1322 4402 sanetus
1336 4343 1404 4413 παρ’
1422 4344 1517 4406 αυτοῖς

211 4430 258 4496 (sc.
277 4435 336 4489 τοῖς
350 4423 451 4496 ἁγίοις)
464 4427 514 4483 τὸν
528 4425 673 4484 ἐπίλοιπον
686 4436 736 4483 τοῦ
751 4425 815 4499 βίον
829 4425 932 4498 χρόνον
945 4425 1105 4500 κατῴκησεν
1119 4433 1162 4498 46,
1178 4433 1247 4481 3596
1258 4427 1290 4479 Ι).
1319 4424 1353 4478 cf.
1370 4441 1385 4478 e
1399 4423 1516 4478 Cosmae

211 4509 240 4561 et
258 4505 390 4562 Damiani
409 4506 560 4576 miraculis,
580 4524 652 4576 quae
671 4508 702 4561 in
720 4508 779 4562 cod.
790 4507 911 4563 Vindcb.
927 4511 1053 4562 exstant:
1074 4509 1168 4570 ἰαθεὶς
1186 4507 1201 4561 ὁ
1220 4505 1292 4574 ἀνὴρ
1311 4504 1419 4574 ἔμεινεν
1437 4501 1516 4574 μέχρι

210 4595 259 4641 τοῦ
277 4585 417 4656 παρόντος
434 4584 551 4656 πλησίον
569 4596 625 4643 τῶν
644 4585 732 4659 ἁγίων
750 4588 801 4657 τὴν
820 4587 929 4657 υίκησιν
948 4588 1026 4659 ἔχων.
1287 4615 1289 4617 ’

283 4671 326 4738 10)
345 4668 373 4733 ἐξ
392 4669 485 4722 αὐτῶν
504 4667 536 4722 δέ
555 4669 607 4723 είσι
624 4677 680 4724 τῶν
699 4669 830 4724 ἀσθενῶν
849 4667 876 4723 οὶ
895 4668 1048 4740 δυνάμενοι
1067 4674 1110 4738 35,
1126 4673 1195 4722 3544
1203 4667 1231 4720 C.
