3550 5317
194 293 372 358 9‚2-10‚20
750 288 937 358 Therapontis
1432 289 1495 352 125

195 465 328 538 πρᾶγμα
351 456 518 534 λεγόντων
542 451 559 516 ό
583 460 643 516 τοῦ
666 450 765 534 ἁγίου
788 454 994 538 θεραπευτῆς
1021 450 1076 517 καὶ
1103 462 1170 517 τῶν
1197 452 1365 530 λειψάνων
1392 475 1496 536 φρου-

193 553 250 635 ρὸς
273 549 325 615 ἐπὶ
349 551 409 633 τῆν
431 548 517 615 θέαν
543 558 604 614 τοῦ
631 552 775 631 κιβωτοῦ
803 560 870 615 τῷν
894 551 1061 628 λειψάνων
1090 548 1246 632 ἐπείγετο,
1326 545 1382 632 καλ
1410 548 1497 613 ούτω

193 649 327 732 φθάσας
356 647 483 730 ἐγγίσαι
510 648 657 732 μεγάλην
681 648 799 731 φωνὴν
826 645 1077 731 ἀναρρήγνυσιν
1149 645 1194 730 Γδ
1209 645 1314 729 ἁγιος’
1331 645 1498 729 ἐπειπών].

193 746 229 810 οί
249 741 287 810 δέ
306 747 551 830 συνδραμόντες
570 744 614 820 ὡς
632 745 669 808 τὸ
689 745 776 820 εἰκὸς
800 745 874 809 ῖδον
897 742 1006 828 θέαμα
1055 754 1123 808 τῶν
1142 741 1320 829 ὁρωμένων
1343 741 1522 808 ἁπάντωνε

99 850 102 855 ’
193 845 382 928 θειότερον·
473 843 581 928 μύρον
603 843 667 926 γὰρ
696 841 747 906 ὅτι
774 847 930 906 πλεῖστον
959 841 995 906 ἐκ
1021 851 1089 906 τῶν
1112 841 1281 919 λειψάνων
1307 842 1498 925 κρουνηδὸν

194 939 387 1024 ἁναβλύσαν
415 939 554 1016 εὐωδίας
581 939 692 1022 πηγὴν
718 939 756 1004 τὸ
783 947 840 1022 τῆς
868 938 1008 1016 ὁλκάδος
1038 941 1157 1016 άντλος
1187 937 1372 1021 ἀνέδειξεν,
1456 941 1500 1016 ὥς

193 1063 287 1115 τινας
309 1041 484 1104 κατελθεῖν
506 1035 561 1101 καὶ
585 1046 645 1102 τοῦ
667 1037 778 1122 μύρου
800 1037 952 1102 κάτωθεν
976 1035 1012 1101 ἐν
1040 1037 1186 1112 ὑελίνοις
1209 1038 1361 1102 σκεύεσιν
1383 1035 1500 1121 ἁνιμῆ-

195 1143 327 1202 σασθαι.
418 1143 520 1200 ταῦτα
550 1133 568 1199 ὁ
597 1145 665 1199 τῷν
694 1137 894 1219 θαυμασίων
925 1137 1024 1219 Θεός,
1054 1143 1157 1199 ταῦτα
1189 1135 1225 1199 οί
1251 1135 1373 1200 τούτου
1402 1136 1501 1220 θερά-

197 1255 334 1316 ποντες,
424 1231 465 1296 ού
496 1240 560 1315 γῆν
590 1230 779 1314 ἁγιάζοντες
805 1234 922 1317 μόνον,
950 1232 1035 1298 άλλὰ
1056 1230 1112 1297 καλ
1135 1231 1227 1317 ὕδωρ
1250 1230 1305 1297 καὶ
1332 1232 1393 1297 τὸν
1420 1231 1537 1318 ἁέραιο

193 1341 263 1406 τοῖς
285 1331 403 1415 μύροις
426 1338 484 1413 τῆς
506 1330 647 1414 χάριτος.

253 1431 254 1435 ’
284 1420 309 1492 ὦ
340 1427 517 1513 μαρτύρων
546 1422 730 1512 θεοπρεπὲς
760 1425 959 1511 άγαλλίαμα·
1040 1427 1161 1513 “μύρον
1184 1424 1369 1493 ἐκκενωθέν
1392 1429 1496 1513 ὄνομα
1507 1443 1546 1497 10

195 1526 303 1609 ὑμῶν·
327 1526 383 1590 διὰ
405 1532 505 1590 τοῦτο
527 1523 614 1608 ὑμᾶς
637 1524 682 1600 ὡς
710 1521 848 1602 ἑαυτοὺς
876 1524 1118 1610 έφελκύσωμεν,
1203 1525 1308 1590 ὀπίσω
1336 1525 1432 1609 ὑμῶν
1454 1527 1501 1602 είς

199 1623 305 1707 όσμῆν
327 1623 437 1708 μύρου
456 1621 686 1708 δραμούμεθα’
734 1622 784 1706 [ολ
804 1627 951 1709 Χριστοῦ
973 1622 1145 1707 μαθηταιΊ.
1168 1622 1263 1707 ὑμεῖς
1281 1623 1321 1686 τὰ
1340 1620 1501 1708 ίεριύμενα

199 1724 270 1808 Θεῷ
293 1716 348 1785 καὶ
371 1720 550 1804 τιμιώτατα
573 1718 699 1804 σφάγια
761 1729 801 1805 τῆ
824 1729 865 1806 γῆ
889 1722 950 1804 τῆν
972 1724 1068 1786 κόνιν
1091 1720 1186 1805 ὑμῶν
1209 1718 1263 1785 καὶ
1287 1719 1421 1808 οὐρανῷ
1443 1722 1501 1796 τὰς

194 1819 302 1902 ψυχὰς
325 1815 528 1902 άπενείματε.
595 1817 688 1901 ὑμεῖς
711 1822 844 1905 Χριστῷ
862 1819 1180 1902 μυσταγωγηθέντες
1198 1815 1252 1882 καὶ
1271 1817 1524 1894 τελειωθέντεςο

195 1916 231 1982 ἐν
256 1917 367 2001 αἵματι
422 1911 506 2001 ὑπὲρ
525 1918 665 2001 χρυσίον
684 1914 924 2000 ἐδοκιμάσθητε
978 1914 1033 1981 καὶ
1051 1913 1136 2001 ὑπὲρ
1154 1917 1251 1999 ἥλιον
1270 1913 1479 2000 έξελάμψατε,

198 2023 270 2098 φῶς
292 2011 372 2097 ἡμῖν
395 2013 529 2078 άνωθεν
551 2013 671 2098 νοερὸν
700 2012 996 2099 άπαστρὰπτοντες.
1076 2014 1172 2098 ὑμεῖς
1198 2010 1253 2079 καὶ
1281 2015 1328 2090 εἰς
1357 2013 1502 2098 οὐρανὸν

198 2110 409 2188 έναυλίζεσθε
477 2106 532 2174 καὶ
554 2111 616 2193 τῆν
639 2118 703 2193 γῆν
725 2117 931 2196 περιπολεῖτε
953 2123 1024 2188 τοῖς
1046 2112 1227 2195 θαύμασιν.
1296 2109 1368 2176 ἁλλ’
1394 2107 1420 2176 ὦ
1445 2136 1502 2195 μοι

199 2208 360 2291 Θεράπων
378 2208 415 2272 τὸ
434 2208 632 2291 τιμιώτατον
676 2206 748 2292 ἐμοὶ
771 2207 826 2273 καλ
848 2222 984 2294 πρᾶγμα
1005 2207 1061 2274 καλ
1084 2211 1201 2293 ὄνομα,
1251 2207 1353 2291 ὁτῆν
1377 2208 1503 2274 ἐπωνυ-

198 2309 279 2390 μίαν
303 2309 385 2392 ἐργῷ
409 2303 540 2381 τελέσας
567 2303 622 2368 καὶ
650 2311 840 2389 ψευσθῆναι
869 2308 913 2391 μὴ
941 2309 1158 2391 συγχωρήσας
1185 2308 1263 2382 τοὺς
1290 2304 1327 2370 έν
1354 2305 1437 2392 ἁρχῆ
1466 2323 1502 2371 σε
1512 2335 1539 2374 ιο

195 2412 295 2468 τοῦτο
319 2401 532 2480 καλέσαντας·
606 2395 631 2466 ὦ
655 2425 712 2487 μοι
736 2405 941 2489 συγχορευτὰ
963 2415 1031 2470 τῶν
1054 2403 1205 2487 ἀγγέλων
1226 2401 1282 2468 καλ
1304 2410 1423 2469 πολῖτα
1445 2413 1503 2488 τῆς

197 2503 266 2566 άνω
290 2503 522 2586 μητροπόλεως
540 2498 769 2586 Ἰερουσαλήμ,
798 2501 928 2568 ἐκεῖθεν
951 2501 1174 2586 ἐπισκόπησον
1195 2502 1279 2586 ὑμᾶς
1301 2499 1357 2565 καλ
1380 2510 1503 2585 στῆσον

198 2599 259 2681 τῆν
282 2596 361 2664 καθ’
386 2596 480 2682 ὑμῶν
499 2597 638 2681 άπειλην
653 2608 724 2683 τῶν
743 2598 923 2684 βαρβάρων
940 2601 1081 2687 θραύων
1099 2601 1140 2666 τὰ
1158 2599 1344 2685 φράγματα.
1400 2601 1502 2665 πάλαι

195 2693 257 2779 μέν
281 2698 395 2780 ῆλγεις
417 2691 501 2780 ὑπὲρ
526 2699 672 2780 Χριστοῦ
694 2707 884 2782 μαρτυρῶν,
907 2699 1053 2782 ἄλγησον
1075 2696 1131 2763 καλ
1157 2707 1222 2762 νῦν
1249 2694 1333 2784 ὑπὲρ
1358 2715 1503 2782 χριστια-

196 2804 267 2858 νῶν
288 2792 610 2879 ταλαιπωρουμένων
632 2796 800 2859 κυκλόθεν
822 2804 892 2870 τοῖς
914 2797 1047 2880 ἐθνεσι,
1115 2799 1244 2880 μάλλον
1267 2792 1304 2859 δὲ
1327 2796 1537 2878 συμπάθη-ιτ

196 2907 258 2956 σον
290 2889 344 2956 καὶ
378 2889 518 2966 σώσειας
546 2893 646 2956 πόλιν
678 2893 725 2968 εές
754 2891 797 2974 ῆν
827 2890 1038 2976 ένεδῆμησας.
1111 2892 1253 2977 ὕστερον
1283 2893 1346 2977 γὰρ
1378 2891 1500 2958 ἐνθάδε

196 2988 483 3072 καθορμισάμενος
554 2986 610 3052 καλ
633 2986 768 3054 τουτονὶ
790 2989 850 3054 τὸν
873 2997 932 3072 τῆς
956 2992 1122 3056 Θεοτόκου
1144 2990 1230 3055 νεὼν
1254 2988 1465 3074 ἐκλεξάμενος

198 3086 358 3170 [παρῆκας
376 3087 416 3150 τὰ
430 3087 514 3150 ἄλλα
532 3087 650 3171 πάντα,
668 3095 733 3151 νῦν
756 3083 807 3170 δὲ]
831 3087 928 3172 πάρει
945 3085 1000 3151 καὶ
1020 3091 1188 3173 γνωρίζεις
1201 3086 1281 3172 ημῖν
1305 3085 1424 3153 ἑαυτὸν
1448 3088 1501 3172 έμ-

197 3182 412 3269 φανέστερον,
470 3181 513 3248 δι’
547 3175 595 3248 ὧν
619 3183 763 3269 ἐνεργεῖς
789 3183 864 3249 καθ’
898 3183 1025 3269 ἡμέραν
1054 3185 1115 3268 τῆν
1145 3183 1338 3250 ἐπιστασίαν
1365 3188 1501 3253 πιστού-

196 3304 303 3365 μενος.
361 3282 475 3366 καιρὸς
492 3284 609 3346 τοίνυν
632 3278 701 3346 ἐστὶ
724 3280 873 3367 καὶπερὶ
891 3283 951 3347 τὸν
974 3288 1120 3367 λειμῶνα
1142 3294 1209 3348 τῶν
1233 3275 1299 3348 ὧδε
1316 3285 1537 3369 θαυμάτωνω

196 3527 371 3587 κατελθεῖν
398 3520 451 3586 ἐπὶ
480 3523 517 3586 τὸ
544 3526 663 3588 πλοῖον
689 3520 745 3586 καὶ
768 3522 961 3608 άρύσασθαί
986 3547 1078 3600 τινας
1100 3526 1148 3601 είς
1169 3522 1286 3588 ὑέλινα
1313 3524 1413 3606 σκεύη
1436 3532 1608 3591 τοῦτου-ιο

197 3620 301 3685 αὐτοῦ
330 3621 429 3684 θείου
459 3620 578 3705 μύρου.
606 3626 741 3686 πολλῶν
771 3617 808 3686 δὲ
838 3620 959 3686 ἐάσεων
991 3623 1073 3686 κατὰ
1106 3622 1283 3685 θάλασσαν
1312 3619 1502 3704 γενομένων
1511 3649 1537 3690 ω

197 3720 352 3801 ἔφθασαν
381 3714 437 3782 καὶ
469 3717 505 3782 ἐν
532 3727 571 3802 τῆ
599 3718 822 3804 βασιλευούση
854 3721 957 3784 πόλει.
1007 3715 1172 3783 ἁποτεθδν
1195 3715 1231 3782 δὲ
1259 3717 1363 3783 ἐκεῖσε
1390 3718 1427 3783 τὸ
1455 3720 1502 3783 τί-

196 3839 275 3898 μιον
298 3817 458 3892 λείψανον
480 3823 541 3880 τοῦ
572 3813 670 3897 ἁγίου
699 3815 936 3901 ίερομάρτυρος
965 3818 1174 3902 Θεράποντος
1201 3817 1320 3900 άπειρα
1346 3816 1503 3900 θαύματα

198 3911 292 3998 μέχρι
322 3922 380 3997 τῆς
407 3915 552 3998 σῆμερον
579 3913 636 3978 διὰ
665 3921 724 3997 τῆς
752 3914 874 3978 τούτου
903 3915 1078 3998 πρεσβείας
1109 3925 1179 3990 τοῖς
1205 3915 1314 3978 πίστει
1341 3913 1499 4000 προστρέ-

198 4025 315 4092 χουσιν
338 4008 358 4092 ῆ
380 4007 435 4074 καὶ
459 4008 732 4094 ἐπικαλουμένοις
759 4011 862 4076 αὐτὸν
888 4016 1062 4076 τελοῦνται
1090 4010 1228 4095 άενάως,
1251 4011 1298 4086 είς
1321 4008 1423 4088 δόξαν
1445 4010 1500 4075 καῖ

200 4109 337 4172 ἔπαινον
362 4110 448 4171 (θεοῦ
471 4117 531 4173 τοῦ
555 4105 607 4173 άελ
630 4105 850 4193 δοξαζομένου
874 4105 911 4172 ἐν
932 4118 1003 4184 τοῖς
1025 4107 1133 4190 ἁγίοις
1156 4108 1269 4173 αὐτοῦ.
1511 4127 1538 4166 40

288 4337 313 4402 9,
328 4336 344 4385 8
364 4333 489 4388 σκεύεσιν
507 4331 626 4397 ὑελίνοις
644 4335 691 4405 ΑΙΙ
706 4341 747 4404 10,
764 4341 777 4387 1
798 4334 831 4389 cf.
848 4333 926 4391 Cant.
943 4341 998 4404 1,3
1015 4339 1019 4405 Ι
1036 4343 1052 4389 2
1070 4336 1177 4406 ῆμᾶςΑ
1193 4337 1198 4409 Ι
1215 4343 1247 4391 13
1266 4335 1301 4390 τὰ
1321 4339 1386 4389 ante
1399 4335 1501 4407 τῶνΑΙ

200 4417 233 4466 17
253 4413 547 4482 καθορμησάμενος·Α
564 4414 568 4487 Ι
590 4419 622 4468 18
641 4423 770 4486 παρῆσας
787 4415 812 4468 Α
832 4417 836 4486 Ι
858 4421 892 4468 λθ
915 4416 982 4469 inde
1005 4433 1023 4470 α
1044 4435 1068 4470 v.
1088 4417 1186 4485 καιρός
1212 4434 1307 4469 rursus
1331 4414 1441 4468 accedit
1458 4414 1501 4487 ΜΙ

197 4490 295 4559 τοίνυν
315 4494 341 4546 Α
367 4492 399 4548 δὲ
417 4493 447 4546 Μ
462 4495 467 4566 Ι
484 4494 624 4564 αγαπητολ
643 4498 709 4549 ante
727 4496 776 4550 καὶ
795 4495 858 4549 add.
878 4495 908 4547 M
924 4499 928 4566 Ι
944 4489 1042 4550 ὦδεΑ
1070 4497 1101 4552 έν
1119 4493 1326 4552 κωνσταντίνου
1344 4497 1423 4548 πολει
1441 4494 1471 4546 Μ

305 4686 338 4736 34
357 4702 436 4746 τινας
454 4699 522 4737 corr.
542 4669 750 4737 Radermacher
768 4681 871 4736 collato
891 4687 948 4753 9,8
966 4683 1025 4738 πάν
1044 4685 1105 4740 cod.
1121 4687 1126 4758 λ
1143 4690 1176 4739 39
1195 4681 1321 4746 άεννάως
1338 4683 1399 4757 (god.
