3550 5317
592 306 629 359 ad
647 276 841 360 laudationem
858 304 1046 374 Therapontis
1097 342 1100 347 >
1437 304 1500 369 115

200 465 465 554 choriambioae¹)
481 489 607 552 quoque
626 471 722 552 atque
741 468 874 532 adoniae
893 471 1065 532 occurrunt
1083 467 1244 532 clausulae
1258 465 1376 554 (neque
1394 471 1501 532 tamen

194 563 321 653 σάκε’),
349 566 454 630 itaut
481 564 604 648 Meyeri
631 566 735 651 legem
764 566 1003 631 accuratissime
1026 570 1184 631 servatam
1214 587 1282 631 esse
1306 564 1500 653 intellegas),

194 663 359 728 tamenin
384 663 539 728 eiusfine
565 686 631 729 non
658 663 723 726 nisi
751 663 943 746 didactylioa
971 661 1176 751 invenitur³).
1222 661 1336 727 'Potius
1364 663 1501 728 encomii

193 761 364 845 rhythmus
373 761 413 825 ad
426 760 569 844 dactylos
579 765 628 827 est
634 781 823 846 propensus,
833 761 889 844 qui
904 761 1069 826 nonnullis
1083 760 1163 826 locis
1176 760 1268 824 valde
1283 761 1501 825 cumulantur:

193 859 232 923 cf.
247 881 328 943 quae
343 860 445 923 admi
459 858 534 922 inde
548 882 567 923 a
580 882 609 923 v.
620 858 879 944 άνεστρεβλοῦτο
892 858 1059 945 legantem
1073 858 1303 943 ve110,21sq.:
1319 858 1354 923 έκ
1367 863 1502 923 πολλῶν

193 954 230 1022 δὲ
254 957 380 1041 ὀλίγοις
403 955 594 1043 ἐπιδραμὼν
612 957 696 1042 πρὸς
718 957 755 1020 τὸ
778 954 879 1041 πέρας
902 955 956 1020 καὶ
980 958 1022 1041 δη
1050 966 1111 1021 τοῦ
1134 954 1362 1040 συντάγματος
1384 955 1502 1040 τρέψο-

193 1080 266 1137 μαι;
290 1054 341 1118 vel
361 1054 483 1138 11,11:
506 1051 619 1137 βλέπει
641 1052 712 1119 κατ’
743 1055 825 1136 ὄναρ
853 1055 913 1119 τὸν
939 1055 1037 1138 άγιον
1065 1053 1218 1138 λέγοντας
1246 1054 1298 1118 vel
1322 1052 1405 1136 12,1
1422 1075 1501 1137 sqq,

193 1151 279 1215 inter
302 1174 383 1236 quae
405 1151 565 1236 imprimis
588 1152 734 1216 attendas
758 1149 859 1215 3-—52
882 1150 1097 1237 κατασχεθεὶς
1115 1148 1153 1217 δὲ
1170 1151 1236 1217 ὑπὸ
1256 1175 1359 1216 τινων
1382 1149 1418 1216 έκ
1440 1160 1501 1216 τοῦ

195 1249 340 1333 ταράχου
363 1250 400 1314 τὸ
423 1249 533 1324 πάθος
560 1248 880 1335 προαισθανομένων
907 1248 962 1314 καὶ
992 1250 1058 1315 ὑπὸ
1086 1251 1329 1335 παραφυλακιΙν
1356 1249 1502 1332 γεγονὼς

194 1347 238 1422 ὡς
261 1347 358 1432 ὡρῶν
380 1357 483 1433 τριῶν
505 1352 658 1433 παρῆλθε
682 1348 858 1431 διάστημα;
882 1347 934 1410 vel
957 1346 1093 1431 denique
1119 1338 1170 1433 19,
1186 1347 1292 1431 lbsq,
1319 1346 1376 1410 ubi
1398 1347 1501 1430 perio-

193 1444 252 1508 dus
276 1444 310 1508 in
333 1445 477 1510 membra
499 1445 625 1509 minuta
648 1444 852 1510 discinditur:
876 1441 963 1532 (ἵνα)
986 1446 1030 1521 ὡς
1058 1445 1123 1510 ἀπὸ
1151 1442 1326 1529 φύσευςῆ
1357 1441 1500 1508 ἀναπλά-

195 1559 277 1618 σεως
300 1542 337 1607 έν
359 1545 537 1625 τελειότητι
560 1541 644 1628 μέυη
667 1542 685 1608 ό
709 1543 898 1628 ἅνθρωπος.
944 1543 1028 1608 Bina
1050 1541 1174 1627 periodi
1198 1541 1269 1606 cola
1287 1541 1372 1605 inter
1394 1563 1428 1606 se
1452 1563 1501 1605 so-

192 1639 261 1703 lent
293 1639 485 1724 respondere
517 1640 768 1704 consonantibus
805 1661 899 1724 saepe
932 1640 1085 1705 clausulis
1118 1639 1300 1724 coniuncta,
1329 1640 1368 1702 fit
1399 1642 1436 1701 ut
1468 1639 1502 1702 in

193 1758 326 1802 numero
351 1759 478 1821 quoque
501 1738 621 1802 areium
651 1742 844 1823 congruant,
872 1736 1147 1821 ef.10,13-15:
1173 1739 1276 1803 πάλαι
1303 1733 1364 1821 μὲν
1391 1738 1502 1820 ἤλγεις

179 1829 277 1919 Ιὑπὲρ
310 1839 458 1919 Χριστοῦ
490 1844 679 1920 μαρτυρῶν,
709 1835 713 1918 Ι
743 1837 891 1918 ἄλγησον
926 1833 981 1900 καὶ
1018 1844 1083 1900 νῦν
1117 1831 1202 1921 ὑπὲρ
1235 1844 1435 1921 χριστιανῶν
1458 1865 1501 1886 =

193 1959 265 1991 rw
283 1959 299 1990 ι
317 1959 388 1992 σοι
407 1940 602 2008 υι-υοιΙι
620 1965 639 1991 υ
658 1959 673 1990 ι
691 1964 710 1990 υ
728 1959 924 2018 ιυοιωις
943 1929 1501 2019 νο127,14-15;πτωχοί<τε>καὶ

195 2028 342 2114 πένητες,
363 2025 368 2117 Ι
388 2028 553 2115 παρθένοι
582 2028 638 2095 καὶ
668 2027 851 2116 σώφρονες,
868 2031 879 2116 Ι
898 2032 934 2097 οί
960 2030 997 2096 έν
1026 2034 1112 2117 γηρηι
1140 2030 1225 2114 δμοῦ
1255 2028 1309 2095 καὶ
1340 2027 1500 2114 νεότητι,Ι

195 2127 328 2193 ὀθνέῑθό
348 2151 383 2193 τε
405 2126 460 2193 itai
480 2129 1499 2214 diditixiiovfig=vaLwluLwLwnuoszwLwl

192 2258 211 2284 υ
229 2252 246 2284 ι
263 2258 282 2284 υ
300 2252 317 2284 ι
335 2257 372 2284 w
388 2253 406 2284 ι
424 2259 467 2287 w.
513 2225 579 2291 Ubi
607 2227 696 2291 vides
724 2227 759 2289 in
786 2225 950 2310 prioribus
977 2225 1057 2290 colis
1091 2225 1188 2289 etiam
1222 2223 1418 2308 syllabarum
1444 2245 1502 2287 nu-

194 2344 317 2386 merum
342 2337 412 2387 esse
435 2322 583 2408 eundem3
613 2324 646 2388 id
671 2323 757 2407 quod
779 2323 892 2387 itidem
915 2324 968 2407 21,
983 2323 1093 2389 8-10
1116 2321 1281 2387 observari
1302 2325 1424 2406 potest:
1447 2319 1502 2386 καὶ

193 2429 291 2485 τοῦτο
316 2422 437 2487 παθὼν
465 2421 541 2498 ὅλος
569 2419 707 2504 γέγονεν
733 2420 830 2505 ὑγιης
856 2423 979 2508 καρδίᾳ
1006 2420 1152 2499 δοξάζων
1179 2417 1234 2485 καὶ
1262 2420 1398 2503 στόματι
1418 2416 1423 2506 Ι
1443 2420 1502 2483 τὸν

194 2519 251 2583 διά
291 2529 359 2584 τῶν
409 2518 514 2602 ἁγίων
565 2520 650 2584 Θεὸν
698 2528 835 2585 τοιαῦτα
883 2527 1045 2584 ποιοῦντα
1095 2518 1268 2602 θαυμάσια
1300 2549 1342 2570 =
1374 2549 1393 2576 ο
1410 2543 1428 2574 r
1445 2522 1499 2595 ω)

193 2624 1403 2694 szuzwzvzuvawzwlthuacuamuathw.
1449 2612 1502 2677 Ad

194 2712 353 2778 clausulas
385 2717 596 2779 consonantes
627 2713 713 2800 quod
742 2714 896 2798 pertinet,
930 2714 969 2779 cf.
996 2714 1093 2779 etiam
1122 2713 1175 2799 28,
1189 2711 1291 2798 3-5,
1322 2712 1379 2776 ubi
1407 2712 1501 2775 binae

194 2811 278 2875 inter
306 2833 340 2876 se
367 2811 561 2896 respondent
589 2811 837 2898 choriambioae,
870 2812 1018 2898 adoniae,
1051 2810 1274 2894 didactylicae:
1303 2809 1322 2875 δ
1350 2806 1412 2894 μέν
1438 2811 1500 2895 γάρ

194 2918 311 2992 ψυχῆς,
331 2908 335 2995 Ι
355 2908 374 2974 δ
398 2905 444 2994 δέ,
458 2911 608 2994 σώματος
629 2908 739 2985 πάθος
762 2908 1018 2996 εὐθυδρομήσας
1038 2907 1043 2995 Ι
1063 2908 1186 2973 ἐνθάδε
1210 2905 1382 2992 διέφυγεν,
1399 2907 1410 2991 ΙΙ
1427 2906 1445 2972 δ
1464 2903 1501 2971 δέ

194 3004 248 3071 καὶ
277 3017 345 3072 τῶν
375 3005 500 3084 ἔξωθεν
528 3004 667 3092 ένδεηςΙ
692 3007 837 3090 γεγονὼς
864 3007 970 3094 τούτῳ
1003 3008 1291 3091 προσκαρτερήσας
1316 3004 1321 3091 Ι
1345 3013 1390 3092 τῷ
1418 3006 1501 3091 θείῳ

194 3105 284 3192 δόμῳ
299 3113 358 3170 τοῦ
373 3103 507 3181 δέοντος
521 3107 644 3189 έτυχεν.
676 3103 776 3168 Vides
790 3104 854 3167 iam
873 3127 913 3168 ex
926 3104 987 3187 his,
1006 3107 1126 3187 quanta
1144 3123 1216 3167 cum
1234 3107 1303 3166 arte
1322 3101 1501 3166 encomium

193 3201 274 3264 illud
297 3203 511 3286 compositum
535 3202 585 3266 sit.
616 3200 888 3266 *Consentaneum
913 3206 962 3266 est
985 3201 1019 3266 in
1042 3201 1188 3286 singulis,
1212 3200 1300 3264 velut
1323 3201 1357 3263 in
1380 3200 1500 3264 arsium

195 3298 246 3362 vel
274 3299 470 3382 syllabarum
498 3322 645 3383 numero,
674 3300 832 3364 eiusmodi
860 3321 1052 3364 consensum
1077 3321 1143 3364 non
1170 3298 1235 3362 nisi
1262 3298 1373 3382 paucis
1401 3297 1498 3362 statui

245 3533 250 3540 ,
285 3491 309 3558 1)
329 3489 363 3544 cf.
384 3507 399 3545 e
423 3491 591 3561 Sophronio,
615 3508 633 3545 a
655 3507 711 3560 quo
738 3491 851 3546 omnino
875 3491 1003 3546 clausula
1026 3490 1200 3560 didactylioa
1222 3490 1374 3544 adhibetur
1396 3489 1501 3561 (Meyer

194 3569 249 3623 Der
276 3570 447 3625 accentnirte
477 3571 648 3626 Satrachluls
668 3571 698 3625 in
722 3571 771 3626 der
797 3591 836 3644 gr.
867 3572 955 3626 Prosa
979 3590 1006 3641 p.
1027 3574 1084 3641 18),
1107 3571 1182 3624 mirr.
1209 3569 1273 3638 Cyri
1296 3572 1326 3623 et
1347 3568 1460 3622 Ioannis
1485 3574 1499 3621 1

194 3668 221 3719 p.
237 3655 306 3704 arao
317 3650 354 3704 A:

285 3729 313 3784 ολ
332 3729 363 3785 δὲ
381 3730 432 3786 τὸν
447 3728 603 3786 Ἰουλιανόν
622 3735 713 3805 (τοῦτο
731 3731 785 3804 γὰρ
803 3725 839 3801 ἦν
858 3731 948 3803 ὄνομα
965 3737 1004 3806 τῷ
1023 3729 1118 3800 πατρί)
1138 3732 1188 3785 διδι
1204 3737 1284 3799 τιμῆς
1301 3726 1430 3791 πλείονος

1223 3809 1242 3862 ἄ
1261 3827 1341 3871 οντες

283 3883 331 3936 καὶ
350 3882 400 3937 τὸν
418 3884 509 3936 παῖδα
528 3880 651 3954 στέργειν
669 3881 739 3951 ὑπὲρ
759 3884 845 3939 αὐτὸν
864 3883 1051 3953 έπομνόμενοι
1243 3831 1259 3880 Ι

284 3962 331 4015 καὶ
350 3961 437 4024 ἄλλως
455 3980 514 4024 πως
532 3962 583 4031 τὴν
602 3962 687 4032 ὁλκὴν
704 3971 760 4017 τῶν
779 3967 889 4033 μισθῶν
908 3963 1078 4033 ἐφηδόμενοι

282 4048 331 4110 της
348 4060 377 4095 τε
395 4039 480 4096 νόσου
498 4042 549 4111 τὴν
568 4041 664 4098 ἄκεσιν
682 4041 762 4113 χρέος
780 4039 853 4099 εἶναι
872 4044 1028 4112 διώμνυντο

406 4122 454 4176 κοιλ
472 4121 577 4191 ταύτην
595 4121 673 4176 αἰδοῖ
691 4123 740 4176 καὶ
757 4130 830 4193 τιμῇ
848 4130 907 4176 τοῦ
925 4119 1057 4190 πατρός

407 4201 455 4254 καὶ
473 4199 556 4272 πόθῳ
575 4201 624 4254 καλ
642 4209 751 4273 στοργῇ
769 4209 828 4256 τοῦ
847 4201 972 4264 παιδός

567 4289 721 4350 παρασχεῖν
739 4279 946 4352 ἐπηγγέλλοντο.

284 4359 311 4426 2)
331 4364 372 4428 12,
389 4365 500 4427 12-14‚
519 4359 569 4413 ubi
587 4358 658 4430 legis
677 4359 732 4424 ὑπὸ
750 4370 806 4415 τῶν
829 4360 1011 4416 ἀκουσάντων
1031 4359 1117 4432 ἤχθη,
1134 4363 1139 4431 Ι
1159 4362 1206 4416 καὶ
1231 4359 1319 4431 μόνον
1342 4359 1426 4433 ἐπέβη
1449 4366 1499 4431 τῆς

193 4445 242 4492 τοῦ
262 4437 315 4492 νεὼ
334 4441 477 4508 κρηπῖδος,
490 4441 500 4509 ΙΙ
513 4439 727 4512 άνεστρεβλοῢτο
746 4440 778 4494 τό
797 4449 874 4510 σῶμα
893 4437 1019 4496 καθόλου
1042 4443 1090 4496 καὶ
1113 4441 1215 4497 κλόνον
1238 4438 1373 4510 ὑφίστατο
1396 4438 1498 4512 βίαιον,

193 4518 313 4572 fortasse
331 4521 395 4587 poet
414 4518 501 4588 μόνον
520 4518 604 4591 ἐπέβη
623 4522 653 4574 et
671 4529 750 4589 σῶμα
767 4518 895 4576 καθόλου
912 4520 1094 4576 incidendum
1112 4525 1168 4591 eet,
1192 4521 1234 4574 ita
1257 4523 1289 4573 ut
1312 4521 1365 4574 hoc
1388 4520 1499 4575 eveniat

194 4597 979 4671 schemat-umeri...-vv-vll...-uu
1032 4629 1087 4656 υυ

282 4682 309 4750 3)
329 4677 500 4744 Quibuscum
514 4679 563 4748 qui
576 4682 706 4750 pugnant
719 4679 784 4750 loci,
798 4680 882 4736 facile
897 4648 1074 4752 corrigamur
1088 4647 1136 4737 bel
1149 4679 1298 4746 eiciuntur,
1312 4680 1348 4735 cf.
1362 4700 1388 4750 p.
1401 4687 1497 4751 116sq.

1248 4775 1264 4824 8
1271 4769 1285 4799 Φ
