3550 5317
648 316 690 370 De
708 315 888 370 incubatione
908 316 1068 371 christiana.
1468 319 1511 382 69

295 479 344 543 Βο
374 477 489 558 Cosma
516 479 737 563 Damianoque
767 477 920 544 Asiaticis
950 484 982 544 et
1011 478 1166 545 Romanis
1195 503 1297 565 pauca
1325 481 1419 546 nobis
1449 486 1512 545 tra-

208 578 328 643 duntur
352 600 432 662 quae
455 578 519 642 huc
542 579 701 663 spectant3
723 578 910 643 brevissime
934 601 971 642 ea
993 578 1236 662 perlustremus:

297 675 473 741 Asiatici.
505 676 624 741 Medici
647 679 749 740 erant:
773 677 878 759 πάσης
901 673 939 740 δὲ
962 675 1140 760 ἐπιστήμης
1159 675 1195 740 ἐν
1217 679 1316 762 πείρα
1338 679 1511 760 γενόμενοι

205 787 276 851 ταῖς
300 779 430 850 λοιπαῖς
452 777 580 859 χαίρειν
603 775 750 849 εἰπόντες
773 775 834 857 τήν
858 775 1006 859 ἰατρείαν
1024 785 1091 838 τῶν
1109 784 1227 858 ψυχῶν
1244 771 1299 838 καὶ
1318 784 1386 839 τῶν
1404 776 1512 858 σωμά-

205 897 272 937 των
295 872 494 954 ἠσπάσαντο.
517 873 761 957 θεραπεύοντες
784 885 894 936 πᾶσαν
917 874 1019 936 νόσον
1045 870 1101 937 καὶ
1128 880 1237 936 πᾶσαν
1263 874 1428 956 μαλακίαν
1456 870 1511 936 καὶ

206 969 267 1034 οὐκ
290 969 483 1055 ἀνθρώποις
506 972 611 1054 μόνον
631 969 884 1055 ἐπικουροῦντες
907 969 992 1035 ἀλλὰ
1010 967 1065 1034 καὶ
1083 972 1216 1053 κτήνεσι
1234 968 1373 1055 Wangn.
1393 993 1423 1054 p.
1438 970 1510 1054 4sq.

206 1066 236 1131 A
260 1071 370 1132 sancto
394 1066 518 1150 Spiritu
541 1067 708 1132 scientiam
731 1090 821 1132 suam
845 1067 1037 1132 didicenmt:
1061 1066 1287 1151 ἐδιδάχθησαν
1309 1090 1344 1132 τε
1366 1067 1432 1132 ὑπὸ
1451 1077 1511 1132 τοῦ

207 1165 306 1249 ἁγίου
320 1167 506 1249 πνεύματος
519 1166 580 1248 τήν
595 1166 746 1250 ἰατρικήν
765 1165 945 1249 ἐπιστήμην
963 1164 1015 1228 W.
1039 1189 1069 1248 p.
1084 1167 1175 1249 6sq.;
1194 1164 1233 1229 of.
1248 1188 1279 1248 p.
1293 1165 1345 1229 24.
1378 1165 1512 1249 Templa

207 1287 317 1328 eorum
331 1263 454 1346 repleta
475 1267 566 1328 erant
585 1264 838 1350 aegrotantibus:
857 1260 912 1327 καὶ
931 1263 1060 1327 τούτων
1078 1263 1114 1327 oi
1130 1260 1243 1327 σεπτοὶ
1261 1261 1338 1327 ναοὶ
1358 1265 1511 1347 ἰατρεῖα

206 1364 424 1427 καθίστανται
452 1362 638 1427 άκεσῶέινα
667 1411 674 1426 .
704 1411 712 1426 .
740 1411 748 1426 .
775 1360 896 1436 πάντες
923 1363 986 1445 γάρ
1010 1409 1018 1424 .
1042 1410 1049 1423 .
1074 1412 1081 1424 .
1107 1361 1302 1426 νοσούντων
1328 1359 1381 1425 καὶ
1410 1367 1511 1445 θερα-

205 1458 398 1543 πευομένων
422 1459 565 1544 ὁρῶνται
588 1460 799 1524 κατάπλεοι
826 1459 879 1522 W.
900 1458 950 1521 94.
997 1456 1154 1523 Omnibus
1181 1458 1367 1523 hominibus
1394 1479 1511 1542 magna

205 1579 279 1622 oum
302 1557 520 1622 misericordia
542 1557 748 1622 adstiterunt:
771 1555 846 1642 παρ’
871 1555 1020 1632 ἑκάστοις
1038 1558 1102 1640 γάρ
1126 1555 1360 1639 ἐφίστανται
1383 1573 1510 1639 συμπα-

205 1653 350 1720 θέστατα
372 1655 425 1721 W.
446 1656 496 1719 90.
534 1653 705 1740 Agricolae
729 1654 855 1719 cuidam
878 1653 972 1739 vigili
990 1657 1220 1738 apparuerunt:
1242 1655 1511 1739 παραστάντες

207 1752 308 1837 ὕπαρ
332 1761 377 1840 τῶ
401 1761 537 1839 γεωργῷ
561 1752 613 1815 W.
633 1753 684 1817 60.

295 1849 465 1914 Romani.
502 1849 619 1914 Medici
643 1853 746 1914 erant:
776 1847 903 1930 ἰατροὶ
932 1850 995 1933 γάρ
1023 1849 1226 1934 ὑπάρχοντες
1253 1857 1292 1934 τῇ
1319 1846 1510 1934 τέχνη...

205 1943 270 2013 εἴτε
289 1942 352 2012 οὖν
371 1945 420 2012 ἐπ’
448 1945 659 2033 ἀνθρώπους,
683 1943 748 2013 εἶτε
771 1945 825 2012 ἐπὶ
844 1949 949 2030 άλονα
972 1950 1037 2025 ζῶα
1060 1945 1294 2011 ἐπετίθουν.
1314 1947 1414 2023 ..τὰς
1437 1944 1511 2010 ἑαυ-

206 2057 273 2110 τῶν
301 2056 411 2130 χεῖρας
438 2044 491 2109 W.
513 2068 543 2129 p.
563 2046 637 2110 230.
664 2040 750 2128 ἦσαν
776 2047 840 2129 γάρ
869 2042 999 2131 ἰατροὶ
1026 2045 1087 2127 τήν
1119 2043 1301 2128 ἐπιστήμην
1337 2043 1443 2107 Malal.
1470 2045 1510 2108 12

204 2167 234 2226 p.
246 2143 319 2225 304,
333 2143 373 2207 15
394 2143 440 2207 ed.
455 2142 557 2207 Bonn.
593 2143 671 2207 Vivi
690 2143 788 2206 etiam
808 2141 959 2207 Carinum
978 2143 1203 2226 imperatorem
1223 2145 1427 2206 curaverunt:
1446 2143 1512 2206 eia-

205 2239 396 2324 ηνέχθησαν
416 2240 451 2304 oi
467 2241 557 2323 άνιοι
575 2249 621 2327 τῷ
641 2244 771 2324 βασιλεῖ
789 2239 830 2304 ἐν
852 2237 964 2305 νυκτὶ
984 2236 1039 2303 καὶ
1058 2237 1154 2304 αὐτοὶ
1174 2240 1310 2303 ἐάσαντο
1334 2238 1436 2302 αὐτὸν
1455 2240 1512 2303 διά

206 2346 264 2420 τῆς
283 2338 370 2412 ἰδίας
388 2346 573 2421 προσευχῆς
592 2337 849 2420 Μα1ο1.305,12.
886 2336 1054 2402 Nocturna
1072 2335 1129 2398 illa
1147 2335 1290 2400 visitatio
1310 2359 1327 2400 e
1345 2337 1510 2400 nocturnis

206 2440 384 2518 martyrum
406 2435 585 2500 visionibus
616 2438 664 2500 est
695 2435 846 2518 derivata,
876 2457 1024 2518 quarum,
1049 2434 1134 2517 quod
1158 2433 1287 2517 quidem
1310 2434 1351 2497 ad
1373 2433 1510 2498 Romam

205 2534 330 2618 attinet,
340 2533 562 2598 testimonium
582 2536 687 2598 exstat
701 2534 735 2597 in
753 2532 845 2598 Actis
864 2537 963 2598 sanct.
977 2533 998 2597 l.
1013 2555 1036 2597 s.
1046 2556 1076 2617 p.
1086 2533 1161 2616 461,
1183 2532 1259 2596 187:
1277 2533 1331 2617 „im
1348 2533 1407 2596 bac
1424 2534 1511 2598 eccie-

203 2633 254 2696 sia
263 2628 436 2718 (Romana)
451 2634 580 2713 quidam
599 2634 648 2696 cir
665 2637 790 2698 οοκάιιο
808 2632 900 2696 dictis
917 2632 1106 2714 martyribus
1123 2631 1279 2714 saciabat,
1298 2632 1348 2695 cai
1361 2632 1427 2694 iam
1441 2652 1511 2696 aas

204 2735 299 2794 totam
322 2735 553 2811 comsumpserat
574 2751 683 2795 cancer
704 2751 810 2796 amam.
834 2734 863 2794 et
884 2749 947 2794 ecce
964 2730 1131 2794 dormiente
1148 2729 1203 2793 illo
1221 2730 1322 2794 saneti
1338 2726 1466 2794 Cosmus
1483 2735 1512 2793 et

203 2827 386 2891 Damianos
404 2833 663 2909 apparuerant
683 2833 840 2910 ιικηιιοκέιι
854 2832 883 2891 et
897 2829 1090 2909 ferramenta
1103 2846 1203 2891 secam
1214 2825 1363 2908 feremtei‘
1378 2848 1404 2889 e.
1414 2849 1443 2910 q.
1454 2849 1477 2890 s.
1485 2824 1510 2912 ¹)

292 2922 329 2986 Id
353 2924 439 3006 quod
462 2924 526 2988 iam
549 2947 588 2988 ex
611 2925 662 2990 his
686 2947 767 3008 quae
790 2924 886 2989 modo
910 2924 1104 3009 protulimus
1128 2924 1244 2988 elucet:
1268 2924 1302 2988 in
1322 2922 1455 2988 Cosmae
1478 2928 1511 2988 et

204 3020 355 3085 Damiani
380 3021 477 3086 sacris
505 3022 744 3087 incubationem
772 3022 925 3087 usitatam
953 3022 1066 3106 fuisse,
1094 3022 1191 3086 etiarn
1217 3021 1322 3107 magis
1349 3021 1510 3106 clarescet,

204 3141 277 3189 cum
301 3118 389 3182 illius
413 3123 596 3185 sanctorum
619 3121 706 3204 paris
729 3120 884 3185 miracula
910 3120 1190 3205 perlustrabimus‚
1214 3121 1300 3204 quod
1328 3142 1367 3184 ex
1390 3118 1510 3184 Arabia

205 3216 363 3302 originem
388 3217 516 3284 duxisse
539 3219 721 3303 putabatur.
768 3218 855 3295 Quae
878 3241 965 3284 nunc
986 3216 1183 3305 adeamus²):

204 3415 311 3468 d’aatm
329 3415 434 3484 arigim
453 3429 503 3482 ηκο
517 3413 576 3466 lem
594 3413 755 3480 apparitiom
773 3429 831 3466 aaa
849 3413 998 3466 maiades.“
1015 3443 1050 3452 —
1068 3411 1238 3467 Machaones
1252 3411 1342 3466 nostri
1361 3411 1509 3466 nominan-

205 3495 252 3547 tur
271 3510 305 3546 ss.
326 3493 439 3547 Cosmas
459 3494 488 3545 et
505 3490 659 3545 Damianus
678 3490 739 3546 Act.
760 3493 847 3545 sanct.
863 3493 932 3561 sept.
947 3494 967 3547 t.
984 3491 1035 3545 VH
1048 3511 1075 3561 p.
1089 3497 1151 3561 454,
1176 3497 1235 3546 143.
1257 3524 1292 3532 -
1315 3493 1423 3558 „aum
1436 3493 1510 3546 altem

204 3573 376 3628 abristiiabea
393 3561 497 3627 drztea
515 3572 561 3626 deo
578 3572 743 3626 bircblicbm
760 3571 911 3627 Altertmm
932 3573 997 3626 eiad
1019 3573 1064 3626 die
1086 3572 1199 3626 Bmtdar
1222 3571 1250 3627 Ο.
1269 3572 1330 3626 aad
1347 3573 1385 3626 D.
1405 3572 1449 3625 die
1468 3572 1508 3626 be-

205 3655 396 3720 lcammtestm“‚
422 3650 555 3706 Hamack
580 3650 795 3706 Medicinisehes
822 3669 872 3705 aus
897 3652 947 3705 der
969 3651 1091 3706 altesten
1114 3650 1401 3721 Kirchengeschichte
1423 3670 1450 3720 p.
1467 3657 1507 3705 12.

205 3732 310 3788 Medici
324 3733 374 3802 qui
388 3750 406 3788 a
420 3733 520 3788 Cosma
533 3747 635 3785 nomen
654 3732 794 3787 duxerunt
807 3733 891 3787 Inscr.
911 3731 943 3786 G.
959 3732 986 3786 S.
1007 3735 1037 3787 et
1054 3732 1074 3786 1.
1091 3736 1167 3786 1788.
1187 3736 1267 3799 2406,
1282 3736 1306 3784 3.
1326 3730 1361 3785 of.
1376 3731 1509 3785 Harnack

204 3833 230 3883 p.
248 3819 289 3883 13,
304 3821 329 3868 2.

297 3896 323 3964 1)
342 3893 474 3964 Sequitur
501 3908 578 3947 mera
609 3891 720 3962 fabula,
752 3893 787 3946 de
820 3909 876 3960 qua
913 3894 1039 3947 actorum
1071 3907 1183 3958 quoque
1216 3890 1337 3945 editores
1370 3891 1509 3946 adnotant

205 3976 240 4042 (p.
253 3977 397 4044 462,188):
416 3974 584 4042 „difficulter
601 3974 709 4028 credent
726 3973 816 4029 critici
833 3975 917 4028 etiam
934 3971 1095 4028 moderati.“
1122 3970 1271 4039 Quousque
1285 3987 1364 4025 mens
1378 3971 1508 4026 aberrare

204 4052 336 4122 potuerit,
354 4052 519 4124 intellegere
537 4051 605 4108 licet
623 4069 638 4106 e
659 4058 708 4106 188
719 4071 759 4121 sq.
779 4051 921 4122 inspectis.

293 4134 320 4202 2)
339 4133 482 4203 Leguntur
499 4132 635 4187 miracula
660 4133 776 4188 Cosmae
800 4135 829 4187 et
850 4131 983 4186 Damianl
1006 4131 1130 4186 Arabum
1154 4132 1230 4202 apud
1251 4132 1508 4204 Wangnereckium

205 4231 231 4282 p.
248 4218 387 4266 302-542
408 4229 423 4266 e
442 4213 537 4267 codiee
555 4212 694 4267 Vaticano
714 4213 800 4268 edita.
838 4211 1010 4277 Quibuscum
1032 4211 1154 4266 maxima
1177 4214 1307 4284 congruit
1329 4230 1424 4267 eorum
1442 4230 1507 4283 pars

205 4291 411 4362 miraculorum,
430 4309 503 4360 quae
521 4293 655 4348 exhibent
673 4293 734 4348 Act.
750 4295 837 4347 sanct.
854 4294 923 4362 sept.
943 4294 962 4347 t.
982 4291 1046 4360 VII3
1065 4309 1156 4361 pauca
1169 4293 1236 4347 hinc
1251 4293 1394 4348 accedunt.
1424 4294 1507 4346 Prae-

204 4375 283 4428 terea
305 4371 376 4426 mihi
399 4375 443 4427 est
465 4372 517 4426 sub
544 4373 674 4427 manibus
696 4373 908 4441 miraculorum,
937 4388 1009 4440 quae
1034 4371 1064 4425 in
1086 4373 1183 4428 codice
1206 4371 1417 4427 Vindobonensi
1440 4371 1505 4426 hist.

205 4472 245 4524 gr.
260 4453 285 4506 V
303 4451 382 4524 (olim
400 4451 474 4522 XIX)
493 4456 558 4508 sunt
572 4455 690 4522 servata,
709 4453 859 4523 exemplar,
873 4453 949 4521 quod
968 4452 1084 4506 Useneri
1103 4453 1153 4521 qui
1170 4453 1231 4524 ipse
1251 4451 1399 4522 descripsit
1417 4451 1506 4506 debeo

204 4531 383 4603 benignitati.
429 4532 528 4587 Insunt
555 4535 581 4602 1)
605 4532 666 4588 mir.
688 4540 722 4586 20
749 4550 812 4587 cum
834 4532 976 4603 prooemio
999 4551 1025 4603 p.
1041 4538 1182 4587 452-462
1205 4534 1249 4586 W.
1290 4534 1318 4602 2)
1340 4531 1506 4589 miraculum

207 4631 306 4682 unum,
327 4612 401 4681 quod
428 4613 508 4668 deest
540 4613 616 4683 apud
642 4611 899 4683 Wangnereckium
926 4612 1060 4682 cuiusque
1087 4613 1164 4667 initii
1191 4611 1346 4666 versionem
1375 4610 1505 4665 Latinam

208 4691 362 4748 Reinoldus
380 4691 506 4748 Dehnius
524 4693 554 4748 in
572 4692 647 4748 notis
666 4694 704 4747 ad
723 4693 750 4748 Ο.
770 4695 799 4748 et
816 4693 849 4748 D.
868 4692 1005 4748 miracula
1022 4713 1049 4764 p.
1064 4693 1229 4762 XXXHIsq.
1249 4709 1313 4746 cum
1330 4691 1412 4748 nobis
1431 4709 1505 4749 com-
