3550 5317
584 299 625 353 De
643 298 797 353 incubandi
815 298 918 353 ritibus
937 297 1134 367 symbolisque.
1465 296 1507 359 19

204 460 278 548 Ipse
302 462 506 547 Trophonius
533 462 727 525 adorabatur
751 465 857 527 statua
880 462 958 545 eius,
982 483 1063 546 quae
1090 459 1223 524 Daedali
1248 481 1328 544 opus
1352 481 1421 523 esse
1445 463 1508 524 tra-

203 561 348 644 debatur,
371 561 521 644 adspecta
544 563 640 644 atque
664 559 758 623 culta.
796 558 905 646 (Paus.
923 558 970 623 IX
988 559 1041 643 39,
1056 557 1100 645 8.)

203 656 241 721 In
278 657 405 721 Daunia
441 657 587 722 homines
626 680 659 721 se
691 658 779 741 ipsos
816 660 965 742 aegrotos
1003 657 1070 720 sive
1106 678 1222 740 pecora
1258 678 1316 719 sua
1356 654 1509 719 Althaeni

201 756 354 819 fluctibus
378 756 603 840 immergentes
625 754 833 839 Podalirium,
855 756 889 818 in
913 754 1004 818 cuius
1022 754 1148 817 tumulo
1176 753 1314 837 pellibus
1338 754 1509 817 substratis

201 874 259 936 per
273 875 421 916 somnum
436 853 564 917 oracula
575 856 758 936 exspectare
768 852 915 917 solebant
929 851 1286 938 (Lycophron1050sq.
1303 853 1343 933 -l-
1355 849 1510 938 Tzetzes),

203 951 395 1015 invocabant
413 950 574 1034 propitius
598 948 764 1037 adessetl).
1094 975 1097 983 ·

201 1047 310 1113 Numa
350 1048 460 1112 Fauno
501 1048 633 1112 incubat
674 1050 820 1133 ‚,udorulo
856 1069 916 1130 per
953 1068 1013 1112 auu
1050 1047 1142 1112 ναόο
1180 1046 1253 1112 ἀοό(
1311 1045 1383 1133 (Ov.
1424 1046 1510 1110 Fast

202 1336 335 1408 ὑπόγειον
360 1337 462 1408 οίιιήμα
485 1338 523 1392 ib.
547 1338 593 1393 IV.
614 1365 647 1385 =
666 1338 751 1392 schol.
775 1340 840 1393 Luc.
865 1337 931 1392 dial.
955 1340 1036 1392 mort.
1061 1337 1125 1390 311,
1162 1337 1194 1391 τό
1220 1337 1306 1391 αὑτοῦ
1326 1336 1510 1405 συνεστήσατο

202 1416 368 1487 χρηστήριον
393 1418 431 1472 ib.
458 1418 503 1472 IV.
541 1417 669 1486 Denique
696 1418 771 1487 apud
799 1417 932 1472 Photium
957 1436 977 1471 s.
1004 1436 1028 1471 ν.
1055 1415 1196 1488 Λεβαδεία
1221 1416 1402 1471 inveniuntur
1428 1418 1510 1472 haec:

201 1496 281 1559 πόλις
296 1496 438 1566 Βοιωτίας,
449 1490 512 1570 ἐνῇ
532 1498 600 1559 Διὸς
614 1508 754 1568 μαντεῖον,
772 1496 939 1567 Τροφωνίου
953 1495 1221 1559 κατασκευάσαντος.
1251 1496 1358 1562 Quibus
1373 1513 1407 1550 ex
1421 1498 1513 1550 verbis

203 1578 332 1645 apparet,
356 1580 530 1647 quantopere
549 1576 725 1646 Trophonius
749 1595 813 1632 cum
835 1577 885 1632 illo
905 1578 970 1632 Iove
992 1578 1070 1647 Rege
1096 1578 1179 1648 [Ζεὺς
1198 1578 1352 1649 Βασιλεός],
1372 1577 1417 1630 cui
1435 1577 1516 1631 iuxta

203 1653 394 1725 Trophonium
417 1656 510 1726 ipsum
534 1673 657 1711 seorsum
681 1657 741 1710 ludi
772 1658 990 1713 celebrabantur
1012 1655 1183 1729 [Βασίλεια],
1207 1656 1339 1711 confusus
1362 1656 1406 1710 ait.
1446 1658 1517 1711 Sunt

204 1734 279 1789 enim
297 1736 409 1806 proprie
428 1736 604 1806 Trophonius
624 1741 653 1791 et
670 1737 796 1807 Iuppiter
809 1738 868 1791 Rex
882 1755 970 1791 unum
984 1736 1127 1805 quoddam
1146 1737 1325 1791 daemonium
1343 1738 1516 1806 chthonium,

205 1818 279 1869 certe
303 1815 428 1870 eiusdem
449 1816 573 1871 numinis
592 1818 798 1886 emanationes,
819 1834 852 1872 eo
870 1817 977 1887 magis,
996 1817 1072 1884 quod
1090 1816 1266 1885 Trophonius
1285 1816 1355 1886 ipse,
1374 1817 1448 1871 sicut
1466 1817 1516 1871 alii

207 1894 236 1947 di
255 1896 382 1950 chthonii
399 1896 545 1967 ‘Iuppiter'
563 1897 767 1967 appellabatur.
798 1897 832 1951 cf.
848 1897 948 1951 Rohde
962 1896 1090 1965 Psyche¹
1107 1896 1120 1949 Ι
1134 1915 1160 1966 p.
1177 1900 1289 1966 12o,1.)
1307 1896 1349 1951 De
1367 1898 1516 1951 Alcmenes

205 1974 331 2040 thalamo
359 1975 463 2031 Thebis
496 1976 681 2031 exaedificato
708 1997 731 2032 v.
762 1978 843 2031 Paus.
868 1978 907 2030 IX
932 1983 974 2044 11,
999 1983 1022 2029 1.
1063 1975 1204 2030 Exstabat
1232 1976 1263 2029 in
1286 1992 1319 2031 eo
1343 1977 1517 2046 epigramma

203 2056 247 2123 (a
258 2054 409 2125 Antholog.
426 2056 515 2110 Palat.
531 2058 657 2126 Append.
675 2061 745 2127 114),
761 2057 840 2112 cuius
855 2061 899 2112 est
912 2074 1008 2112 versus
1022 2056 1123 2110 tertius
1137 2056 1218 2125 isque
1232 2057 1361 2113 ultimus:
1376 2055 1517 2128 Ἀγχάσιος

206 2131 234 2186 δ’
256 2131 368 2203 ἐποίησε
386 2138 550 2205 Τροφώνιος
563 2134 610 2206 ἠδ’
628 2135 795 2207 Ἀγαμήδης,
819 2138 868 2192 ubi
885 2154 1041 2208 cognomen
1051 2135 1193 2208 Ἀνχοίσιος
1212 2136 1373 2206 Trophonio
1388 2138 1517 2193 additum

204 2213 353 2266 obscurum
376 2215 566 2283 explicatione
591 2219 675 2270 caret.
713 2216 754 2271 De
778 2218 922 2271 Thesauro
946 2218 1044 2287 Hyriei
1068 2216 1101 2271 of.
1127 2217 1209 2271 Paua.
1233 2218 1271 2270 IX
1289 2224 1332 2287 31,
1352 2225 1376 2271 5.
1397 2224 1426 2273 6:
1450 2218 1517 2272 Tro-

202 2291 324 2359 phonius
349 2293 501 2361 Agamedis
527 2294 603 2363 capti
630 2294 737 2349 decidit
762 2300 855 2366 caput.
893 2296 927 2352 cf.
955 2297 1031 2351 Suid.
1061 2315 1082 2350 s.
1101 2314 1126 2350 v.
1152 2297 1193 2358 εἰς
1223 2295 1389 2366 Τροφωνίου
1412 2296 1516 2366 μεμοίν-

203 2390 298 2426 τευται
318 2398 351 2418 =
370 2371 444 2427 Plut.
468 2373 597 2429 Proverb.
622 2375 686 2428 151
707 2375 906 2446 (Paroemiogr.
932 2376 1108 2446 Gottingens.
1130 2376 1229 2445 1329).
1266 2376 1374 2431 Eadem
1397 2377 1517 2432 historia

203 2450 291 2505 alium
322 2452 353 2504 in
378 2452 471 2507 locum
500 2453 641 2507 translata
672 2454 703 2508 in
734 2456 820 2509 schol.
851 2458 899 2511 Ar.
933 2457 1006 2512 Nub.
1034 2461 1086 2510 508
1110 2456 1148 2510 II:
1177 2455 1208 2510 ἐν
1229 2454 1360 2512 Ἠλίοι..
1391 2466 1516 2527 ταμιεῖον

203 2539 325 2601 χρυσοῦν
350 2533 559 2589 κατεσκεύασαν
582 2532 697 2609 Aipeia,
724 2534 901 2606 Trophonius
925 2536 1034 2591 scilicet
1058 2540 1088 2591 et
1109 2535 1281 2605 Agamedes,
1306 2536 1355 2604 qui
1377 2537 1431 2591 hoo
1454 2537 1516 2591 loco

205 2628 261 2666 non
279 2611 367 2667 frater
387 2616 480 2667 exstat
493 2613 655 2683 Trophonii,
671 2614 720 2668 sed
734 2618 823 2686 pater,
839 2633 888 2671 rex
898 2615 1058 2686 Stymphali
1072 2615 1220 2684 Arcadiae,
1228 2615 1374 2685 Epicastes
1388 2616 1515 2672 maritus.

205 2691 408 2761 Suppeditatur
435 2696 531 2748 tamen
558 2693 718 2764 Trophonio
748 2695 819 2749 alius
847 2696 935 2751 frater
962 2696 1099 2765 Cercyon,
1127 2695 1241 2767 γνήσιος
1267 2696 1429 2751 nominatus
1456 2698 1517 2760 υἱὸς

204 2771 357 2841 Agamedis
381 2776 410 2827 et
432 2772 591 2842 Epicastes,
616 2791 680 2827 cum
703 2774 878 2845 Trophonius
903 2776 1012 2839 σκότιος
1036 2776 1202 2846 cognomine
1220 2776 1302 2844 quasi
1323 2776 1360 2831 ad
1378 2777 1516 2834 infernam

205 2850 265 2904 eius
284 2854 415 2905 naturam
434 2854 580 2921 spectante
599 2856 749 2908 exornatus
763 2854 910 2925 Epicastes
924 2860 1036 2911 tantum
1049 2866 1117 2919 παῖς
1136 2859 1257 2925 vocetur,
1277 2874 1362 2926 quam
1375 2856 1406 2911 in
1420 2860 1516 2913 matri-

204 2931 330 2984 monium
354 2931 465 2986 duxerit
486 2932 653 3003 Agamedes.
691 2934 846 2997 Notissima
868 2935 924 2989 fuit
951 2936 1025 2990 inter
1050 2935 1180 3003 antiquos
1209 2935 1329 2992 historia
1353 2936 1387 2991 de
1410 2941 1516 3009 templo

203 3010 339 3080 Delphico
359 3028 376 3065 a
394 3012 530 3067 fratribus
549 3013 733 3069 exaedificato
748 3015 840 3085 (Paua.
861 3016 900 3069 IX
914 3023 957 3092 37,
976 3022 1001 3071 5.
1016 3016 1041 3068 X
1057 3021 1082 3083 5,
1098 3022 1139 3071 13.
1168 3016 1269 3072 Strabo
1283 3017 1322 3070 IX
1336 3024 1361 3085 3,
1376 3024 1391 3071 9
1412 3037 1439 3088 p.
1454 3025 1515 3077 421.

206 3091 302 3161 Steph.
321 3092 387 3161 Byz.
408 3110 428 3147 s.
448 3110 472 3149 v.
493 3091 608 3162 Δελφοί.
637 3093 709 3149 ΡΙο1.
730 3095 833 3151 consol.
854 3097 900 3150 ad.
915 3096 1007 3166 Apoll.
1029 3102 1062 3150 14
1076 3114 1103 3165 p.
1119 3100 1169 3149 109
1185 3096 1216 3150 A.
1236 3095 1313 3150 idem
1331 3097 1384 3169 frg.
1403 3097 1480 3151 ΧΧΠ
1500 3105 1515 3152 7

203 3173 223 3226 t.
242 3172 294 3225 VH
312 3190 338 3241 p.
356 3178 477 3242 126,11.
497 3173 693 3229 Bernardalris.
720 3174 774 3230 Cic.
799 3175 879 3231 Tusc.
904 3176 974 3243 147,
1000 3182 1058 3231 114.
1096 3175 1230 3230 Arsenius
1253 3176 1398 3231 Violetum
1420 3198 1447 3248 p.
1462 3184 1515 3233 455

203 3250 292 3307 Walz.
321 3251 403 3307 Plato
432 3252 548 3307 Axioch.
572 3272 599 3323 p.
620 3259 672 3308 367
692 3254 713 3308 C
731 3282 765 3301 =
790 3256 867 3311 Stob.
897 3256 991 3312 Floril.
1016 3262 1063 3327 98,
1084 3262 1126 3311 75.
1173 3256 1271 3312 λάϊνον
1294 3259 1382 3314 οόόόν
1403 3261 1516 3313 tantum

203 3332 330 3385 fecenmt
359 3332 512 3386 secundum
535 3333 629 3402 hymn.
654 3333 765 3389 Homer.
790 3335 820 3389 in
839 3336 931 3407 Apoll.
956 3354 980 3393 v.
1000 3341 1063 3406 296)
1087 3353 1238 3405 eorumque
1266 3341 1356 3392 morte
1379 3339 1515 3393 mercedis

207 3410 269 3464 loco
289 3411 325 3464 ab
344 3412 476 3480 Apolline
494 3412 632 3483 praebita,
652 3414 756 3483 quippe
775 3416 851 3483 quod
870 3416 998 3486 optinum
1023 3419 1097 3471 esset
1114 3416 1275 3470 hominibus
1294 3418 1377 3487 (Plut.
1397 3421 1515 3486 utroque

205 3489 267 3543 loco
294 3490 389 3545 citato.
427 3491 560 3545 Arsenius
585 3492 603 3547 l.
629 3509 651 3546 c.
678 3493 760 3548 Plato
778 3494 796 3549 l.
822 3512 845 3549 c.
870 3523 904 3542 =
928 3497 1005 3552 Stob.
1032 3497 1087 3552 (lic.
1120 3496 1138 3552 l.
1162 3514 1185 3550 c.
1213 3497 1328 3567 Spectat
1353 3515 1411 3553 rem
1436 3498 1516 3551 illam

208 3568 324 3621 Pindari
343 3568 533 3638 fragmentum
551 3570 603 3643 [nr.
621 3577 636 3624 2
656 3571 760 3645 Christ]
781 3589 796 3627 e
815 3574 922 3641 scholio
941 3577 1006 3630 Luc.
1023 3576 1089 3632 dial.
1104 3579 1184 3631 mort.
1197 3583 1212 3630 3
1227 3577 1334 3647 publici
1352 3577 1421 3631 iuris
1439 3578 1515 3632 facto

209 3665 226 3701 a
244 3647 355 3702 Rohdio
374 3649 474 3705 Philol.
494 3649 597 3704 XXXV
615 3670 642 3721 p.
660 3657 808 3707 199-201.
838 3653 1021 3710 Plutarchum
1040 3660 1069 3711 et
1087 3656 1248 3712 Ciceronem
1268 3674 1301 3711 ex
1320 3658 1418 3711 eodem
1436 3656 1515 3712 fonte

205 3728 352 3800 [Crantore
370 3731 435 3798 περὶ
453 3727 591 3804 πένθους]
610 3732 723 3786 haurire
747 3734 866 3789 adnotat
888 3736 1015 3791 Rohdius
1039 3757 1065 3808 p.
1081 3739 1152 3806 200).
1189 3736 1231 3790 De
1255 3736 1361 3807 templo
1378 3737 1515 3807 Delphico

205 3825 222 3861 a
249 3809 384 3864 fratribus
412 3812 554 3865 exstructo
581 3830 607 3866 v.
636 3812 723 3867 etiam
747 3812 874 3868 Cosmam
898 3816 935 3869 ad
959 3816 1041 3887 Greg.
1065 3817 1132 3871 Naz.
1158 3833 1241 3872 carm.
1266 3823 1300 3871 64
1318 3819 1338 3870 t.
1359 3822 1393 3870 38
1415 3836 1442 3887 p.
1463 3824 1515 3871 513

204 3887 300 3957 Mignc
319 3916 352 3935 =
373 3889 504 3960 Spicileg.
523 3891 640 3946 Roman.
661 3892 703 3947 ed.
723 3893 794 3963 Aug.
810 3894 868 3949 Mai
887 3898 908 3950 t.
927 3896 953 3950 H
971 3916 998 3966 p.
1016 3902 1067 3951 184
1079 3914 1128 3965 sq,
1147 3895 1197 3950 ubi
1215 3898 1267 3965 est,
1285 3897 1361 3966 quod
1379 3898 1515 3967 corrigas3

205 3967 327 4022 traditur
356 3969 442 4025 enim:
477 3970 640 4041 ἠξιώθησαν
669 3971 699 4026 δὲ
732 3977 896 4043 Τροφώνιος
924 3977 974 4029 καὶ
1005 3976 1211 4046 Γανυμήδης
1235 3976 1250 4032 ό
1276 3978 1399 4046 ἀδελφὸς
1428 3980 1515 4034 αὐτοῦ

206 4048 394 4115 μαντεύεσθαι
413 4048 461 4103 διὰ
479 4050 510 4104 τὸ
529 4048 622 4105 κτίσαι
641 4053 743 4115 αὐτοὺς
760 4054 791 4107 τό
816 4054 846 4109 ἐν
862 4058 984 4124 Δελφοῖς
1002 4056 1078 4124 ἱερὸν
1092 4063 1142 4110 τοῦ
1153 4054 1320 4120 ’Λπόλλωνος
1333 4058 1389 4112 ἀπὸ
1404 4058 1515 4114 οίιιείων

206 4126 361 4197 χρημάτων.
385 4129 553 4199 Γανυμήδης
565 4147 713 4201 perperam
728 4132 863 4203 scriptum
882 4134 912 4187 in
928 4134 1088 4204 Γαμήθης
1102 4135 1315 4206 restituendum,
1334 4154 1407 4205 quae
1425 4139 1516 4192 forma

206 4222 256 4276 per
275 4207 443 4275 aphaeresin
462 4225 496 4263 ex
513 4207 667 4282 Ἀγαμήδης
686 4216 729 4266 εε1
747 4216 816 4268 orta.
832 4213 866 4269 cf.
883 4214 1016 4284 Γαμήδής
1034 4214 1135 4285 ἐπόησε
1153 4215 1183 4269 in
1197 4216 1307 4270 duobus
1329 4217 1403 4271 vasis
1422 4217 1515 4271 fictili-

206 4287 436 4421 ΙφὲΞθΒφυΊφθοίε,
460 4289 638 4345 Kretsehmer
665 4291 775 4348 Griech.
800 4292 1062 4349 Vaseninschn'ften
1084 4314 1111 4365 p.
1131 4300 1179 4363 52,
1203 4295 1240 4351 id.
1260 4297 1357 4350 thns
1381 4295 1513 4349 Zeitschr.

282 4411 289 4437 ,
365 4412 369 4422 .

297 4442 323 4509 1)
343 4438 376 4495 cf.
402 4440 537 4510 Lycophr.
563 4447 714 4512 1052sqq.:
747 4444 838 4500 νόσων
861 4444 889 4499 δ’
915 4446 1033 4516 ἀκεστὴς
1060 4445 1198 4509 Δαυνίοις
1222 4447 1400 4517 κληθήσεται,
1420 4449 1425 4517 Ι
1446 4444 1515 4501 όταν

206 4517 434 4589 κατικμαίνοντες
454 4518 603 4576 Ἀλθαίνου
627 4519 706 4593 όοαῖς
726 4527 730 4595 Ι
750 4525 861 4595 ἀρωγὸν
891 4524 1050 4593 αόδήσωσιν
1074 4523 1176 4580 Ἠπίου
1203 4524 1288 4595 γόνον
1308 4528 1313 4593 Ι
1333 4526 1441 4578 αὐτοῖσι
1466 4526 1515 4579 καὶ

206 4597 352 4667 ποίμναισι
365 4608 507 4671 πρευμενῆ
522 4604 623 4671 μολεῖν.
653 4602 687 4657 cf.
704 4603 795 4658 Taetz.
812 4606 848 4659 ad
862 4604 880 4660 l.
897 4606 1015 4660 είώθασι
1024 4608 1071 4676 (sc.
1087 4605 1202 4674 Daunii)
1213 4648 1218 4659 .
1230 4648 1236 4659 .
1248 4648 1253 4660 .
1264 4603 1457 4658 &notatarum
1468 4650 1473 4660 .
1485 4649 1509 4660 ..

208 4681 256 4733 aul
274 4678 469 4735 ἐπικαλεῖσθαι
488 4681 537 4736 τόν
555 4680 750 4751 Ποδαλείριον.

1266 4774 1301 4827 20
