3550 5317
691 330 865 398 aesomnes
885 344 996 401 uvius.
1452 343 1491 406 11

260 506 297 561 τὸ
317 515 384 575 φῶς
408 506 436 561 ολ
457 506 536 561 θεοί
559 502 800 574 ἐκφαίνουσαι,
828 502 880 558 ὅσα
902 523 931 558 τε
955 501 1081 573 λέγουσιν
1099 502 1235 557 ἀκούουσι
1253 502 1301 556 καί
1319 499 1372 555 ὅσα
1390 504 1493 569 δρῶσιν

260 584 335 640 ίσασι
353 589 620 655 παρακολουθοῦσαι
643 584 740 641 Iambl.
764 584 782 637 l.
802 601 825 637 ο.
866 585 908 637 De
936 582 1089 653 Trophonii
1119 582 1245 637 oraculo:
1277 578 1440 651 ἀναβλέψας
1462 580 1492 635 δὲ

261 665 312 734 τὴν
328 664 377 734 μέν
391 674 444 735 γῆν
463 665 588 734 ούδαμού
607 667 745 731 καθορᾶν,
761 662 863 732 νήσους
877 662 907 717 δέ
926 661 1145 732 λαμπομένας
1163 665 1296 734 μαλακῷ
1319 658 1402 728 πυρί
1419 659 1493 717 Plut.

260 746 294 799 de
317 763 380 816 gen.
405 745 477 801 Socr.
503 751 535 798 22
554 763 580 814 p.
597 749 648 799 390
664 742 692 797 O.
729 743 770 797 De
797 743 954 797 Ptolemaei
980 741 1100 797 somnio:
1137 742 1237 810 „simul
1265 742 1354 795 υιέκκκ
1380 741 1494 795 eundem

259 827 382 881 ι’κυοκοκι
411 828 443 879 ia
470 825 574 881 coelura
602 825 679 895 ι’ρυο
702 824 852 893 plarc'mo
878 824 988 879 attolli“
1029 822 1094 875 Tac.
1118 820 1190 875 Hist.
1214 820 1253 873 IV
1271 825 1313 873 83.
1356 819 1441 872 Plura
1464 818 1494 871 in

259 904 391 959 Aristidis
415 904 589 959 orationibus
612 902 802 959 inveniuntur:
835 901 946 972 ἐφάνη
970 901 1001 955 δὲ
1027 902 1075 955 καί
1094 901 1109 955 ὁ
1131 898 1302 969 Τελεσφόρος
1319 899 1492 966 νύκτωρ...

260 986 306 1039 καλ
326 982 524 1053 ἀπέλαμπεν
548 984 578 1039 ἐν
596 988 634 1057 τῷ
653 983 823 1051 καταντικρύ
839 980 925 1055 τοίχῳ
945 980 1042 1044 σέλας
1060 980 1151 1049 ὥσπερ
1166 981 1194 1046 ἐξ
1213 978 1293 1048 ἡλίου
1309 979 1406 1044 Π419,
1417 984 1451 1031 16
1460 978 1493 1031 Κ.

260 1062 367 1134 ἐγένετο
386 1064 418 1119 δὲ
432 1066 480 1119 καί
495 1073 564 1133 φῶς
582 1062 659 1131 παρὰ
672 1071 721 1132 τῆς
729 1060 832 1124 Ἴσιδος
851 1063 900 1117 καί
914 1060 993 1130 ἕτερα
1007 1060 1141 1129 ἀμύθητα
1160 1057 1283 1129 φέροντα
1301 1058 1342 1121 είς
1355 1055 1494 1126 σωτηρίαν

263 1149 376 1211 42416,
402 1143 487 1214 ὤφθη
506 1144 537 1198 τὸ
557 1142 620 1206 ίδος
638 1141 707 1213 (scil.
727 1141 947 1211 Aesculapii)...
966 1141 1046 1208 πυρί
1070 1137 1288 1208 λαμπόμενον
1310 1138 1399 1209 κύκλῳ
1423 1136 1495 1205 πλην

259 1232 315 1278 τῶν
329 1227 458 1294 κεφαλῶν
472 1229 534 1290 438,
545 1229 587 1277 23.
607 1219 825 1290 ἐπιστρέψαντος
839 1219 872 1275 δέ
889 1241 944 1289 μου
962 1222 999 1282 ὡς
1016 1220 1086 1286 πρὸς
1104 1218 1155 1288 τὴν
1174 1216 1338 1287 ἀκροπόλιν,
1351 1260 1374 1273 ..
1399 1216 1494 1288 διῇξεν

260 1302 356 1366 σέλας
372 1303 402 1358 ἐκ
416 1304 510 1369 δεξιάς
527 1305 576 1359 καί
590 1299 764 1371 κατέσκηψεν
784 1299 855 1355 ούτω
874 1299 951 1368 δήτι
969 1297 1036 1368 παρ’
1054 1297 1142 1360 αύτάς
1160 1298 1249 1365 άκρας
1267 1317 1320 1366 μου
1337 1296 1388 1359 τὰς
1406 1294 1495 1365 κόμας

260 1382 327 1438 ὥστε
347 1383 508 1452 ἐθαύμαζον
527 1384 552 1437 εἰ
571 1382 607 1451 μὴ
626 1380 748 1450 ἡμμέναι
767 1377 823 1436 εἷεν
842 1386 957 1447 48612.
977 1380 1018 1433 De
1036 1377 1217 1446 Aesculapio:
1237 1386 1274 1431 τῶ
1296 1376 1367 1445 τόκα
1385 1374 1494 1431 ποστεί-

259 1481 337 1533 χοντι
356 1462 531 1532 συνάντησας
554 1463 605 1516 σύν
624 1459 749 1515 ὅπλοισιν
767 1458 984 1529 λαμπόμενος
1007 1458 1141 1529 χρυσέοις,
1156 1454 1299 1511 Ἀσκλαπιέ
1316 1455 1392 1525 Isyll.
1412 1461 1445 1509 63
1453 1473 1493 1524 sq.

261 1542 295 1595 cf.
314 1542 462 1611 Hippolyti
480 1542 574 1595 Refut.
594 1542 700 1595 haeres.
729 1539 767 1593 IV
782 1546 815 1592 33
829 1558 856 1608 p.
872 1545 915 1607 96,
931 1544 1010 1606 73εη.
1046 1537 1186 1606 Duncker,
1205 1536 1255 1590 ubi
1274 1534 1457 1605 Aesculapius
1477 1552 1494 1588 a

260 1622 351 1690 magis
371 1621 474 1675 citatus
494 1619 626 1692 φαίνεται
644 1619 716 1674 κατὰ
734 1628 783 1674 τοῦ
803 1617 928 1688 ἐδάφους
941 1620 1106 1688 πυρώδης.
1134 1617 1307 1671 Aresthanas
1320 1618 1426 1685 pastor,
1445 1615 1494 1683 qui

262 1699 461 1770 Aesculapium
474 1700 505 1755 in
519 1699 627 1755 Titthio
641 1701 735 1753 monte
749 1701 848 1753 natum
857 1698 975 1765 invenit,
987 1696 1164 1765 ἀστραπὴν
1179 1693 1255 1751 εἶδεν
1269 1694 1494 1764 ἐκλάμψασαν

261 1780 317 1834 ἀπὸ
340 1788 390 1835 τού
414 1780 547 1851 παιδόςῑ)
576 1780 609 1834 cf.
629 1779 702 1833 Acta
720 1778 839 1848 apostol.
867 1778 919 1831 XII
936 1785 964 1833 7:
988 1778 1036 1831 καί
1060 1776 1122 1831 ἰδού
1142 1776 1256 1845 ἀγγελος
1278 1773 1377 1843 κυρίου
1396 1772 1494 1843 ἐπέστη

260 1864 298 1933 τῷ
318 1858 413 1933 Πέτρῳ
432 1862 480 1915 καί
499 1870 568 1929 φῶς
586 1858 783 1929 ἐπέλαμψεν
802 1863 839 1932 τῳ
869 1858 1006 1926 οἰκήματι.
1043 1856 1091 1911 Ev,
1111 1856 1176 1910 Luc.
1200 1854 1333 1909 XXIVI:
1357 1856 1406 1908 καί
1429 1855 1493 1909 ἰδοῦ

263 1940 364 2008 ἀνδρες
382 1939 434 1994 δύο
453 1937 606 2009 ἐπέστησαν
625 1940 723 2001 αόταῖς
737 1941 785 2009 (sc.
805 1935 945 2008 γυναιξίν)
960 1937 991 1991 ἐν
1006 1937 1104 2006 ἐσθῆτι
1122 1935 1371 2007 ἀστραπτούσῃ,
1400 1934 1493 1990 Timo-

260 2020 383 2074 leontem
401 2018 432 2073 in
445 2018 558 2074 Italiam
576 2018 798 2089 proficiscentem
816 2018 865 2071 lux
883 2016 1005 2087 mystica
1021 2015 1052 2073 in
1071 2014 1143 2069 mari
1161 2014 1341 2085 prosequitur
1359 2030 1377 2067 a
1396 2014 1493 2069 Cerere

259 2102 288 2153 et
305 2099 376 2154 Cora
394 2099 489 2169 missa,
510 2100 584 2155 Plut.
603 2098 703 2153 Timol.
723 2104 748 2153 8.

191 2234 241 2297 De
266 2233 324 2298 deo
353 2239 527 2319 apparente
555 2236 621 2308 fere
648 2234 819 2299 adhibetur
842 2256 907 2298 vox
937 2232 1153 2319 ἐφίστασθαι,
1184 2253 1264 2315 quae
1292 2231 1412 2315 optime
1444 2251 1495 2294 su-

194 2332 299 2395 bitum
323 2332 475 2416 exprimit
497 2332 678 2397 adventum.

175 2477 179 2484 ·
262 2450 409 2522 ἐφίσταται
432 2452 468 2506 de
490 2452 645 2507 Protesilao
670 2453 800 2508 Philostr.
820 2452 928 2507 Heroic.
949 2458 1000 2506 679
1019 2469 1046 2520 p.
1062 2455 1121 2519 148,
1142 2455 1175 2503 18
1193 2449 1291 2519 Kays,
1311 2449 1346 2502 de
1364 2448 1496 2517 Apolline

262 2531 372 2601 Orpheo
392 2531 548 2586 adsistente
562 2532 599 2587 id.
629 2531 662 2587 V.
677 2534 770 2603 Apoll.
789 2533 828 2586 IV
844 2538 876 2586 14
895 2551 922 2601 p.
939 2537 1004 2600 134,
1025 2537 1038 2584 1
1058 2530 1091 2583 K.
1129 2526 1293 2598 ἐφίστανται
1311 2529 1346 2582 de
1364 2527 1495 2598 nymphis

260 2612 372 2683 Longus
392 2611 518 2681 Daphnis
537 2615 566 2666 et
584 2612 669 2667 Chlo'e'
687 2613 713 2665 Π
728 2620 770 2682 23,
786 2619 800 2666 1
819 2632 845 2681 p.
862 2617 923 2679 274,
933 2617 967 2664 20
986 2610 1123 2677 Hercher3
1141 2609 1179 2663 ib.
1193 2610 1231 2662 III
1251 2614 1293 2677 27,
1309 2616 1324 2662 2
1339 2628 1366 2677 p.
1377 2614 1437 2677 299,
1452 2613 1495 2661 22.

262 2689 449 2761 ἐφισταμένην
468 2692 503 2745 de
520 2691 595 2745 Iside
613 2691 726 2747 Diodor.
745 2694 818 2761 123,
834 2698 863 2759 3,
887 2692 923 2746 de
941 2690 1091 2745 Hemithea
1109 2689 1147 2743 id.
1166 2689 1193 2743 V
1205 2694 1253 2758 63,
1268 2695 1292 2743 2.
1330 2687 1443 2758 ἐπέστης
1461 2690 1496 2743 de

262 2773 338 2825 Pane
365 2770 468 2825 Kaibel
495 2771 545 2841 Ilp.
573 2771 618 2827 Gr.
650 2778 716 2840 802,
736 2778 759 2827 3.
789 2770 887 2841 ἐπέστη
915 2772 950 2825 de
975 2769 1077 2839 angelo
1105 2768 1230 2837 Domini,
1259 2768 1308 2835 qui
1334 2768 1495 2837 pastoribus

263 2850 404 2905 Christum
421 2854 520 2905 natum
539 2868 599 2905 esse
617 2852 730 2906 nuntiat
748 2852 880 2922 Evangel.
896 2852 962 2904 Luc.
981 2850 1007 2903 H
1021 2856 1050 2916 9,
1070 2850 1105 2902 de
1119 2848 1232 2916 eodem,
1250 2847 1299 2916 qui
1317 2848 1400 2902 Petro
1420 2846 1496 2900 visus
1512 2867 1516 2876 ’

265 2933 308 2985 est
326 2930 356 2984 in
374 2930 488 2984 vincula
506 2930 632 2987 coniecto
650 2933 712 2987 Act.
731 2934 821 3001 apost.
840 2932 893 2985 XII
908 2936 931 2984 7.
965 2927 1118 2998 ἐπέστησαν
1137 2928 1172 2981 de
1191 2928 1299 2981 duobus
1318 2926 1385 2981 viris
1404 2929 1496 2981 vestes

263 3009 403 3079 fulgentes
427 3009 547 3079 indutis,
571 3010 619 3079 qui
642 3011 806 3066 mulieribus
829 3011 859 3065 in
883 3008 988 3065 Christi
1006 3011 1198 3077 apparuemnt
1215 3007 1342 3077 sepulcro
1361 3008 1411 3061 Ev.
1430 3008 1496 3060 Luc.

262 3089 352 3143 XXIV
371 3096 396 3144 4.
434 3089 547 3152 ἐπιστάς
570 3091 604 3143 de
627 3091 796 3160 Aesculapio
820 3090 885 3145 iam.
909 3088 991 3160 Epid.
1010 3106 1051 3143 nr.
1071 3094 1167 3157 61,12
1186 3106 1213 3156 p.
1230 3092 1280 3140 118
1299 3088 1387 3142 Baun.
1405 3105 1447 3143 nr.
1462 3092 1495 3139 39

262 3169 299 3222 IV
314 3174 355 3222 37.
379 3168 418 3222 VI
431 3174 473 3225 58.
500 3169 559 3225 Ael.
575 3171 677 3240 Aposp.
699 3176 749 3225 100
773 3170 904 3225 Hercher.
928 3169 1059 3222 Philostr.
1083 3167 1117 3222 V.
1136 3166 1228 3237 Apoll.
1246 3168 1290 3220 19
1309 3185 1335 3235 p.
1351 3172 1375 3235 8,
1396 3173 1437 3221 13.
1456 3165 1495 3222 ib.

261 3249 323 3301 110
341 3267 367 3317 p.
383 3254 412 3318 9,
427 3254 474 3317 23,
493 3249 528 3302 de
546 3249 701 3304 Protesilao
720 3250 757 3304 id.
777 3250 887 3305 Heroic.
907 3255 959 3304 673
977 3254 1080 3317 p.143,
1097 3254 1144 3316 14,
1163 3247 1198 3301 de
1217 3246 1368 3300 Palamede
1386 3246 1423 3300 ib.
1444 3252 1496 3301 683

263 3346 291 3396 p.
307 3333 367 3395 134,
382 3333 397 3380 7
403 3352 410 3396 ,
441 3328 476 3382 de
493 3328 597 3383 Aianta
615 3328 653 3383 ih.
673 3335 726 3384 684
744 3349 770 3399 p.
788 3335 846 3399 133,
862 3336 892 3397 9,
912 3329 946 3383 de
969 3328 1028 3382 Deo
1051 3330 1136 3382 noctu
1155 3326 1243 3380 Paulo
1263 3328 1416 3395 apparente
1434 3326 1495 3379 Act.

263 3408 352 3475 apost.
372 3405 462 3460 XXIII
482 3413 522 3462 11.
556 3407 717 3471 ἐπιστάντος
736 3410 771 3463 de
790 3408 958 3478 Aesculapio
977 3407 1108 3461 Philostr.
1127 3426 1150 3461 v.
1171 3406 1254 3476 Soph.
1273 3407 1334 3460 123
1353 3426 1380 3475 p.
1395 3411 1438 3474 46,
1454 3411 1495 3461 19.

264 3484 407 3539 ἐπιστάκτι
429 3485 464 3537 de
488 3486 618 3554 Apolline
642 3487 777 3543 Artemid.
801 3487 894 3542 Oneir.
918 3488 944 3541 Π
959 3493 992 3541 70
1010 3506 1037 3556 p.
1054 3492 1138 3553 168,3
1157 3486 1257 3540 Herch.
1291 3483 1442 3539 ἐπιστάντα
1461 3485 1495 3538 de

263 3563 423 3632 Trophonio
448 3563 578 3619 Philostr.
597 3566 630 3619 V.
646 3566 737 3635 Apoll.
757 3567 821 3621 VIlI
841 3573 872 3621 19
892 3587 918 3637 p.
935 3572 994 3636 336,
1008 3574 1039 3633 4,
1063 3566 1098 3619 de
1116 3566 1215 3635 Mopso
1234 3565 1307 3618 Plut.
1328 3566 1363 3618 de
1381 3564 1435 3617 def.
1456 3580 1493 3617 or.

263 3649 297 3698 43
315 3661 342 3712 p.
362 3648 415 3697 434
428 3644 464 3711 Ε,
484 3645 519 3698 de
542 3644 678 3714 Serapide
700 3646 773 3701 Plut.
792 3647 870 3702 Alex.
892 3653 938 3717 73,
958 3648 993 3701 de
1016 3644 1115 3700 Xerxis
1145 3644 1252 3699 somnio
1270 3644 1372 3698 Herod.
1387 3643 1438 3695 VH
1454 3649 1495 3697 12.

263 3723 397 3778 ἐπιστᾶσα
416 3723 450 3777 de
464 3723 632 3794 Proserpina
645 3725 726 3781 Paus.
741 3726 779 3779 IX
794 3733 836 3797 23,
851 3734 875 3782 3.
900 3726 967 3797 όψις
980 3726 1148 3794 ἰνδάλματος
1166 3724 1242 3793 ίεροῦ
1257 3723 1317 3778 Ael.
1331 3723 1496 3791 Apospasm.

264 3809 314 3857 106
333 3803 366 3857 Η.
404 3801 520 3859 ἐπιστάν
539 3804 574 3858 de
593 3804 700 3859 somni0
719 3805 849 3876 (ὄνειρον,
869 3806 950 3877 ὄναρ)
968 3806 1069 3861 Herod.
1089 3805 1141 3858 VH
1156 3810 1197 3858 14.
1217 3802 1367 3858 Aristiuss
1381 3808 1442 3873 447,
1453 3810 1495 3857 34.

193 3930 254 3995 Dei
277 3934 433 4015 apparent
456 3953 561 3996 comes
586 3954 623 3996 ac
645 3932 771 4016 placidi.

266 4052 348 4118 „deas
371 4036 575 4122 (Aesculapius)
603 4054 635 4107 ia
661 4055 763 4109 soranis
790 4055 879 4123 opifer
907 4054 1049 4108 concutere
1071 4054 1161 4107 υιευε.
1178 4095 1183 4107 .
1200 4096 1205 4106 .
1225 4058 1251 4106 τό
1269 4053 1409 4120 placido
1429 4053 1497 4105 tales

264 4130 379 4185 emittere
403 4137 508 4199 pectore
534 4136 626 4187 υοοεειι
650 4132 699 4187 Ov.
724 4136 789 4187 met.
813 4132 864 4186 XV
883 4138 934 4187 633
945 4150 1004 4200 sqq.
1042 4132 1075 4185 cf.
1100 4130 1171 4186 Stat.
1191 4130 1255 4186 Silv.
1275 4132 1313 4184 III
1333 4138 1359 4200 4,
1380 4138 1413 4185 23
1425 4149 1494 4199 sqq,

285 4307 310 4374 1)
329 4306 411 4360 Paus.
429 4306 456 4358 H
470 4311 513 4374 26,
528 4313 552 4361 3.
585 4308 704 4363 Omnino
723 4309 800 4363 locus
819 4308 868 4362 ille
891 4308 1013 4362 maxime
1035 4309 1238 4363 memorabilis:
1265 4306 1339 4363 σύτο
1362 4308 1411 4361 τόν
1426 4305 1496 4373 Ἀρε-

195 4384 309 4440 σθάναν
332 4383 361 4447 ἐς
382 4392 440 4439 πᾶν
459 4386 547 4453 φασίν
565 4387 750 4456 ἀφικνεῖσθαι
772 4388 919 4458 ζητήσεως,
943 4386 1061 4456 εὑρόντα
1083 4388 1115 4443 δὲ
1138 4389 1311 4459 ἐπιθυμῆσαι
1332 4386 1383 4441 τὸν
1405 4388 1496 4439 παῖδα

195 4463 354 4533 ἀνελέσθαι,
377 4464 426 4518 καί
448 4466 485 4527 ὡς
508 4464 589 4534 ἐγγύς
612 4466 726 4536 ἐγένετο,
748 4468 894 4537 ἀστραπὴν
918 4464 993 4522 εἶδεν
1019 4466 1201 4537 ἐκλάμψασαν
1226 4467 1282 4521 ἀπό
1308 4474 1358 4520 τοῦ
1386 4462 1496 4533 παιδός,

195 4543 349 4613 νομίσαντα
372 4542 404 4597 δέ
428 4540 501 4598 εἶναι
519 4543 603 4601 θεῖόν
619 4567 660 4615 τι,
683 4547 773 4616 ὥσπερ
791 4542 836 4617 ἦν,
855 4546 1079 4617 ἀποτραπέσθαι.
1108 4548 1122 4602 ὁ
1142 4547 1174 4602 δὲ
1192 4545 1293 4601 αὐτίκα
1312 4544 1358 4598 ἐπί
1376 4553 1429 4614 γῆν
1449 4546 1497 4599 καλ

194 4622 342 4679 θάλασσαν
360 4631 454 4678 πᾶσαν
473 4622 616 4693 ἠγγέλλετο
634 4624 669 4680 τά
683 4646 711 4681 τε
730 4626 799 4681 ἀλλα
818 4626 909 4682 ὁπόσα
927 4628 1053 4698 βούλοιτο
1068 4625 1204 4695 εὑρίσκειν
1219 4625 1264 4678 έπί
1278 4634 1337 4685 τοῖς
1350 4622 1496 4694 κάμνουσι,

195 4705 242 4757 καὶ
261 4701 304 4757 ότι
322 4700 448 4773 ἀνίστησι
466 4705 531 4767 τούς
548 4709 713 4768 τεθνεῶτας.
750 4708 814 4763 Non
831 4709 912 4777 potes
931 4725 988 4765 non
1006 4708 1041 4761 de
1060 4706 1170 4762 Christo
1188 4707 1256 4758 nato
1275 4704 1407 4775 cogitare.
