<?xml version="1.0" encoding="UTF-8"?>
<!DOCTYPE html PUBLIC "-//W3C//DTD XHTML 1.0 Transitional//EN"
    "http://www.w3.org/TR/xhtml1/DTD/xhtml1-transitional.dtd">
<html xmlns="http://www.w3.org/1999/xhtml" xml:lang="en" lang="en">
 <head>
  <title>
</title>
<meta http-equiv="Content-Type" content="text/html;charset=utf-8" />
  <meta name='ocr-system' content='tesseract 3.04.00' />
  <meta name='ocr-capabilities' content='ocr_page ocr_carea ocr_par ocr_line ocrx_word'/>
</head>
<body>
  <div class='ocr_page' id='page_1' title='image "./deincubationeca01deubgoog_0095.png"; bbox 0 0 3550 5317; ppageno 0'>
   <div class='ocr_carea' id='block_1_1' title="bbox 629 322 1494 388">
    <p class='ocr_par' dir='ltr' id='par_1_1' title="bbox 629 322 1494 388">
     <span class='ocr_line' id='line_1_1' title="bbox 629 322 1494 388; baseline 0.006 -13"><span class='ocrx_word' id='word_1_1' title='bbox 629 322 670 375; x_wconf 90' lang='lat' dir='ltr'>De</span> <span class='ocrx_word' id='word_1_2' title='bbox 688 322 869 378; x_wconf 80' lang='lat' dir='ltr'>incubatione</span> <span class='ocrx_word' id='word_1_3' title='bbox 888 323 1050 378; x_wconf 83' lang='lat' dir='ltr'>christiana.</span> <span class='ocrx_word' id='word_1_4' title='bbox 1452 326 1494 388; x_wconf 88' lang='grc'><strong><em>83</em></strong></span> 
     </span>
    </p>
   </div>
   <div class='ocr_carea' id='block_1_2' title="bbox 139 482 1497 2430">
    <p class='ocr_par' dir='ltr' id='par_1_2' title="bbox 139 482 1497 2330">
     <span class='ocr_line' id='line_1_2' title="bbox 190 482 1494 571; baseline 0.003 -22"><span class='ocrx_word' id='word_1_5' title='bbox 190 483 211 568; x_wconf 77' lang='grc' dir='ltr'><em>ἡ</em></span> <span class='ocrx_word' id='word_1_6' title='bbox 234 486 432 568; x_wconf 83' lang='grc' dir='ltr'><strong><em>παναλκὴς</em></strong></span> <span class='ocrx_word' id='word_1_7' title='bbox 455 487 668 571; x_wconf 88' lang='grc' dir='ltr'><strong><em>ἐμπλαστρος.</em></strong></span> <span class='ocrx_word' id='word_1_8' title='bbox 714 484 827 570; x_wconf 88' lang='lat' dir='ltr'>Itaque</span> <span class='ocrx_word' id='word_1_9' title='bbox 849 497 910 552; x_wconf 86' lang='grc' dir='ltr'><strong><em>τοῦ</em></strong></span> <span class='ocrx_word' id='word_1_10' title='bbox 933 484 993 571; x_wconf 73' lang='grc' dir='ltr'><strong><em>μὲν</em></strong></span> <span class='ocrx_word' id='word_1_11' title='bbox 1024 487 1189 571; x_wconf 79' lang='grc' dir='ltr'><em>στομάχου</em></span> <span class='ocrx_word' id='word_1_12' title='bbox 1217 489 1353 552; x_wconf 85' lang='grc' dir='ltr'><strong><em>ἔλαιον</em></strong></span> <span class='ocrx_word' id='word_1_13' title='bbox 1375 482 1418 570; x_wconf 75' lang='grc' dir='ltr'><strong><em>ἦν</em></strong></span> <span class='ocrx_word' id='word_1_14' title='bbox 1440 487 1494 553; x_wconf 92' lang='grc' dir='ltr'><strong><em>καί</em></strong></span> 
     </span>
     <span class='ocr_line' id='line_1_3' title="bbox 189 585 1495 672; baseline 0.002 -25"><span class='ocrx_word' id='word_1_15' title='bbox 189 585 341 670; x_wconf 77' lang='grc' dir='ltr'><strong><em>κηρωτη</em></strong></span> <span class='ocrx_word' id='word_1_16' title='bbox 369 585 406 648; x_wconf 91' lang='grc' dir='ltr'><strong><em>τὸ</em></strong></span> <span class='ocrx_word' id='word_1_17' title='bbox 434 585 636 669; x_wconf 84' lang='grc' dir='ltr'><strong><em>καθάρσιον,</em></strong></span> <span class='ocrx_word' id='word_1_18' title='bbox 664 585 746 672; x_wconf 83' lang='grc' dir='ltr'><strong><em>άπερ</em></strong></span> <span class='ocrx_word' id='word_1_19' title='bbox 774 585 885 650; x_wconf 83' lang='grc' dir='ltr'><strong><em>αὐτῶν</em></strong></span> <span class='ocrx_word' id='word_1_20' title='bbox 912 586 973 668; x_wconf 76' lang='grc' dir='ltr'><strong><em>τὴν</em></strong></span> <span class='ocrx_word' id='word_1_21' title='bbox 1007 586 1109 670; x_wconf 88' lang='grc' dir='ltr'><strong><em>σορὸν</em></strong></span> <span class='ocrx_word' id='word_1_22' title='bbox 1137 633 1145 649; x_wconf 90' lang='grc'><strong>.</strong></span> <span class='ocrx_word' id='word_1_23' title='bbox 1175 634 1182 648; x_wconf 93' lang='grc'><strong>.</strong></span> <span class='ocrx_word' id='word_1_24' title='bbox 1210 634 1217 648; x_wconf 94' lang='grc'><strong>.</strong></span> <span class='ocrx_word' id='word_1_25' title='bbox 1245 586 1495 669; x_wconf 89' lang='grc' dir='ltr'><strong><em>καταλάμπουσι</em></strong></span> 
     </span>
     <span class='ocr_line' id='line_1_4' title="bbox 193 679 1495 770; baseline 0.004 -27"><span class='ocrx_word' id='word_1_26' title='bbox 193 682 221 764; x_wconf 94' lang='grc'><strong><em>1,</em></strong></span> <span class='ocrx_word' id='word_1_27' title='bbox 235 681 322 745; x_wconf 90' lang='grc'>3428</span> <span class='ocrx_word' id='word_1_28' title='bbox 334 679 366 746; x_wconf 81' lang='lat' dir='ltr'><strong><em>O.</em></strong></span> <span class='ocrx_word' id='word_1_29' title='bbox 391 679 466 768; x_wconf 77' lang='grc' dir='ltr'><strong><em>(τὴν</em></strong></span> <span class='ocrx_word' id='word_1_30' title='bbox 489 679 593 768; x_wconf 85' lang='grc' dir='ltr'><strong><em>ἰασιν)</em></strong></span> <span class='ocrx_word' id='word_1_31' title='bbox 621 686 784 765; x_wconf 81' lang='grc' dir='ltr'><strong><em>κομίζεται</em></strong></span> <span class='ocrx_word' id='word_1_32' title='bbox 813 681 924 768; x_wconf 78' lang='lat' dir='ltr'>(Galus</span> <span class='ocrx_word' id='word_1_33' title='bbox 948 681 1093 770; x_wconf 90' lang='lat' dir='ltr'>quidam)</span> <span class='ocrx_word' id='word_1_34' title='bbox 1117 681 1232 767; x_wconf 80' lang='grc' dir='ltr'><strong><em>ἐλαίῳ</em></strong></span> <span class='ocrx_word' id='word_1_35' title='bbox 1260 690 1306 769; x_wconf 79' lang='grc' dir='ltr'><strong><em>τῳ</em></strong></span> <span class='ocrx_word' id='word_1_36' title='bbox 1333 691 1390 766; x_wconf 78' lang='grc' dir='ltr'><strong><em>τῆς</em></strong></span> <span class='ocrx_word' id='word_1_37' title='bbox 1417 706 1495 748; x_wconf 92' lang='grc' dir='ltr'><strong><em>καν-</em></strong></span> 
     </span>
     <span class='ocr_line' id='line_1_5' title="bbox 191 779 1496 867; baseline 0.003 -25"><span class='ocrx_word' id='word_1_38' title='bbox 191 780 293 862; x_wconf 83' lang='grc' dir='ltr'><strong><em>δήλας</em></strong></span> <span class='ocrx_word' id='word_1_39' title='bbox 321 779 356 843; x_wconf 90' lang='grc' dir='ltr'><strong><em>ἐκ</em></strong></span> <span class='ocrx_word' id='word_1_40' title='bbox 387 780 636 864; x_wconf 90' lang='grc' dir='ltr'><strong><em>προστάγματος</em></strong></span> <span class='ocrx_word' id='word_1_41' title='bbox 664 780 882 864; x_wconf 78' lang='grc' dir='ltr'><strong><em>ἀλειφόμενος</em></strong></span> <span class='ocrx_word' id='word_1_42' title='bbox 914 781 948 864; x_wconf 95' lang='grc'><strong><em>3,</em></strong></span> <span class='ocrx_word' id='word_1_43' title='bbox 967 780 1054 843; x_wconf 85' lang='grc'>3429</span> <span class='ocrx_word' id='word_1_44' title='bbox 1064 779 1103 843; x_wconf 91' lang='grc' dir='ltr'><strong><em>Ι).</em></strong></span> <span class='ocrx_word' id='word_1_45' title='bbox 1134 779 1249 867; x_wconf 90' lang='grc' dir='ltr'><strong><em>ἐλαίῳ</em></strong></span> <span class='ocrx_word' id='word_1_46' title='bbox 1281 782 1360 856; x_wconf 85' lang='grc' dir='ltr'><strong><em>τοὺς</em></strong></span> <span class='ocrx_word' id='word_1_47' title='bbox 1390 782 1496 857; x_wconf 93' lang='grc' dir='ltr'><strong><em>πόδας</em></strong></span> 
     </span>
     <span class='ocr_line' id='line_1_6' title="bbox 191 876 1495 967; baseline 0.002 -26"><span class='ocrx_word' id='word_1_48' title='bbox 191 876 342 961; x_wconf 81' lang='grc' dir='ltr'><strong><em>ἀλείφειν</em></strong></span> <span class='ocrx_word' id='word_1_49' title='bbox 363 878 598 964; x_wconf 80' lang='grc' dir='ltr'><strong><em>προστάττεται</em></strong></span> <span class='ocrx_word' id='word_1_50' title='bbox 621 887 667 967; x_wconf 78' lang='grc' dir='ltr'><strong><em>τῷ</em></strong></span> <span class='ocrx_word' id='word_1_51' title='bbox 690 877 775 962; x_wconf 79' lang='grc' dir='ltr'><strong><em>φατὶ</em></strong></span> <span class='ocrx_word' id='word_1_52' title='bbox 798 887 843 965; x_wconf 79' lang='grc' dir='ltr'><strong><em>τῳ</em></strong></span> <span class='ocrx_word' id='word_1_53' title='bbox 869 886 1051 967; x_wconf 77' lang='grc' dir='ltr'><strong><em>νυκτερινῷ</em></strong></span> <span class='ocrx_word' id='word_1_54' title='bbox 1073 879 1134 961; x_wconf 83' lang='grc' dir='ltr'><strong><em>τὴν</em></strong></span> <span class='ocrx_word' id='word_1_55' title='bbox 1158 879 1260 962; x_wconf 91' lang='grc' dir='ltr'><strong><em>σορὸν</em></strong></span> <span class='ocrx_word' id='word_1_56' title='bbox 1282 877 1394 942; x_wconf 83' lang='grc' dir='ltr'><strong><em>αὐτῶν</em></strong></span> <span class='ocrx_word' id='word_1_57' title='bbox 1420 902 1495 943; x_wconf 91' lang='grc' dir='ltr'><strong><em>κατ-</em></strong></span> 
     </span>
     <span class='ocr_line' id='line_1_7' title="bbox 191 971 1495 1063; baseline 0.001 -25"><span class='ocrx_word' id='word_1_58' title='bbox 191 977 366 1058; x_wconf 81' lang='grc' dir='ltr'><strong><em>αυγάζοντι</em></strong></span> <span class='ocrx_word' id='word_1_59' title='bbox 392 976 419 1059; x_wconf 89' lang='grc'><strong><em>7,</em></strong></span> <span class='ocrx_word' id='word_1_60' title='bbox 435 975 521 1039; x_wconf 90' lang='grc'>3436</span> <span class='ocrx_word' id='word_1_61' title='bbox 529 974 561 1040; x_wconf 82' lang='lat' dir='ltr'><strong><em>C.</em></strong></span> <span class='ocrx_word' id='word_1_62' title='bbox 593 987 744 1063; x_wconf 77' lang='grc' dir='ltr'><strong><em>κηρωτῇ</em></strong></span> <span class='ocrx_word' id='word_1_63' title='bbox 756 974 817 1056; x_wconf 89' lang='grc' dir='ltr'><strong><em>καί</em></strong></span> <span class='ocrx_word' id='word_1_64' title='bbox 837 979 1032 1061; x_wconf 91' lang='grc' dir='ltr'><strong><em>συκαμίνοις</em></strong></span> <span class='ocrx_word' id='word_1_65' title='bbox 1056 974 1227 1054; x_wconf 83' lang='grc' dir='ltr'><strong><em>ἐξιάσαντο</em></strong></span> <span class='ocrx_word' id='word_1_66' title='bbox 1242 971 1299 1061; x_wconf 84' lang='lat' dir='ltr'>(sc.</span> <span class='ocrx_word' id='word_1_67' title='bbox 1313 973 1495 1060; x_wconf 83' lang='lat' dir='ltr'>mulierem)</span> 
     </span>
     <span class='ocr_line' id='line_1_8' title="bbox 193 1071 1496 1161; baseline 0.002 -26"><span class='ocrx_word' id='word_1_68' title='bbox 193 1073 242 1155; x_wconf 87' lang='lat'><strong><em>10,</em></strong></span> <span class='ocrx_word' id='word_1_69' title='bbox 257 1072 393 1136; x_wconf 86' lang='grc'>34491).</span> <span class='ocrx_word' id='word_1_70' title='bbox 417 1073 533 1161; x_wconf 80' lang='grc' dir='ltr'><strong><em>ἐλαίῳ</em></strong></span> <span class='ocrx_word' id='word_1_71' title='bbox 556 1072 611 1138; x_wconf 92' lang='grc' dir='ltr'><strong><em>καί</em></strong></span> <span class='ocrx_word' id='word_1_72' title='bbox 634 1083 787 1159; x_wconf 76' lang='grc' dir='ltr'><strong><em>κηρωτῇ</em></strong></span> <span class='ocrx_word' id='word_1_73' title='bbox 811 1085 881 1150; x_wconf 80' lang='grc' dir='ltr'><strong><em>τοῖς</em></strong></span> <span class='ocrx_word' id='word_1_74' title='bbox 904 1075 964 1138; x_wconf 87' lang='grc' dir='ltr'><strong><em>τὸν</em></strong></span> <span class='ocrx_word' id='word_1_75' title='bbox 986 1073 1117 1158; x_wconf 90' lang='grc' dir='ltr'><strong><em>πυρσὸν</em></strong></span> <span class='ocrx_word' id='word_1_76' title='bbox 1139 1073 1199 1137; x_wconf 88' lang='grc' dir='ltr'><strong><em>τὸν</em></strong></span> <span class='ocrx_word' id='word_1_77' title='bbox 1227 1073 1288 1155; x_wconf 83' lang='grc' dir='ltr'><strong><em>τὴν</em></strong></span> <span class='ocrx_word' id='word_1_78' title='bbox 1315 1071 1415 1155; x_wconf 85' lang='grc' dir='ltr'><strong><em>ἁγίαν</em></strong></span> <span class='ocrx_word' id='word_1_79' title='bbox 1438 1072 1496 1137; x_wconf 85' lang='grc' dir='ltr'><strong><em>αύ-</em></strong></span> 
     </span>
     <span class='ocr_line' id='line_1_9' title="bbox 190 1171 1496 1258; baseline 0 -23"><span class='ocrx_word' id='word_1_80' title='bbox 190 1181 257 1235; x_wconf 82' lang='grc' dir='ltr'><strong><em>τῶν</em></strong></span> <span class='ocrx_word' id='word_1_81' title='bbox 285 1172 387 1256; x_wconf 88' lang='grc' dir='ltr'><strong><em>σορὸν</em></strong></span> <span class='ocrx_word' id='word_1_82' title='bbox 414 1174 598 1255; x_wconf 77' lang='grc' dir='ltr'><strong><em>φωτίζοντα</em></strong></span> <span class='ocrx_word' id='word_1_83' title='bbox 624 1171 805 1257; x_wconf 78' lang='grc' dir='ltr'><strong><em>τρέφουσιν</em></strong></span> <span class='ocrx_word' id='word_1_84' title='bbox 833 1173 893 1238; x_wconf 91' lang='grc' dir='ltr'><strong><em>τὸν</em></strong></span> <span class='ocrx_word' id='word_1_85' title='bbox 925 1172 1013 1236; x_wconf 91' lang='grc' dir='ltr'><strong><em>πόδα</em></strong></span> <span class='ocrx_word' id='word_1_86' title='bbox 1043 1172 1104 1236; x_wconf 91' lang='grc' dir='ltr'><strong><em>τὸν</em></strong></span> <span class='ocrx_word' id='word_1_87' title='bbox 1135 1171 1303 1258; x_wconf 85' lang='grc' dir='ltr'><strong><em>πάσχοντα</em></strong></span> <span class='ocrx_word' id='word_1_88' title='bbox 1330 1173 1496 1236; x_wconf 88' lang='grc' dir='ltr'><strong><em>λιπαίνειν</em></strong></span> 
     </span>
     <span class='ocr_line' id='line_1_10' title="bbox 190 1267 1495 1356; baseline 0.002 -25"><span class='ocrx_word' id='word_1_89' title='bbox 190 1270 383 1334; x_wconf 90' lang='grc' dir='ltr'><strong><em>κελεύουσιν</em></strong></span> <span class='ocrx_word' id='word_1_90' title='bbox 407 1269 458 1354; x_wconf 96' lang='grc'><strong><em>22,</em></strong></span> <span class='ocrx_word' id='word_1_91' title='bbox 473 1267 560 1333; x_wconf 92' lang='grc'>3485</span> <span class='ocrx_word' id='word_1_92' title='bbox 572 1267 604 1334; x_wconf 79' lang='lat' dir='ltr'><strong><em>C.</em></strong></span> <span class='ocrx_word' id='word_1_93' title='bbox 639 1268 754 1356; x_wconf 84' lang='grc' dir='ltr'><strong><em>ἐλαίῳ</em></strong></span> <span class='ocrx_word' id='word_1_94' title='bbox 777 1270 815 1334; x_wconf 90' lang='grc' dir='ltr'><strong><em>τὸ</em></strong></span> <span class='ocrx_word' id='word_1_95' title='bbox 839 1268 962 1355; x_wconf 82' lang='grc' dir='ltr'><strong><em>φέγγος</em></strong></span> <span class='ocrx_word' id='word_1_96' title='bbox 986 1268 1164 1352; x_wconf 83' lang='grc' dir='ltr'><strong><em>ἀκοίμητον</em></strong></span> <span class='ocrx_word' id='word_1_97' title='bbox 1187 1271 1276 1354; x_wconf 86' lang='grc' dir='ltr'><strong><em>παρά</em></strong></span> <span class='ocrx_word' id='word_1_98' title='bbox 1302 1270 1363 1351; x_wconf 76' lang='grc' dir='ltr'><strong><em>τὴν</em></strong></span> <span class='ocrx_word' id='word_1_99' title='bbox 1386 1268 1495 1333; x_wconf 83' lang='grc' dir='ltr'><strong><em>αὐτῶν</em></strong></span> 
     </span>
     <span class='ocr_line' id='line_1_11' title="bbox 191 1365 1496 1453; baseline 0 -23"><span class='ocrx_word' id='word_1_100' title='bbox 191 1367 292 1451; x_wconf 92' lang='grc' dir='ltr'><strong><em>σορὸν</em></strong></span> <span class='ocrx_word' id='word_1_101' title='bbox 315 1366 537 1450; x_wconf 82' lang='grc' dir='ltr'><strong><em>ἀπαυγάζοντι</em></strong></span> <span class='ocrx_word' id='word_1_102' title='bbox 560 1366 580 1450; x_wconf 76' lang='grc' dir='ltr'><em>ἢ</em></span> <span class='ocrx_word' id='word_1_103' title='bbox 604 1376 756 1453; x_wconf 72' lang='grc' dir='ltr'><strong><em>κηρωτῇ</em></strong></span> <span class='ocrx_word' id='word_1_104' title='bbox 778 1377 818 1453; x_wconf 71' lang='grc' dir='ltr'><strong><em>τῇ</em></strong></span> <span class='ocrx_word' id='word_1_105' title='bbox 841 1369 923 1432; x_wconf 87' lang='grc' dir='ltr'><strong><em>κατά</em></strong></span> <span class='ocrx_word' id='word_1_106' title='bbox 945 1368 1051 1450; x_wconf 81' lang='grc' dir='ltr'><strong><em>πάσης</em></strong></span> <span class='ocrx_word' id='word_1_107' title='bbox 1070 1365 1190 1451; x_wconf 88' lang='grc' dir='ltr'><strong><em>ἐχούση</em></strong></span> <span class='ocrx_word' id='word_1_108' title='bbox 1208 1369 1312 1432; x_wconf 91' lang='grc' dir='ltr'><strong><em>νόσου</em></strong></span> <span class='ocrx_word' id='word_1_109' title='bbox 1334 1367 1371 1430; x_wconf 90' lang='grc' dir='ltr'><strong><em>τὸ</em></strong></span> <span class='ocrx_word' id='word_1_110' title='bbox 1396 1366 1496 1430; x_wconf 93' lang='grc' dir='ltr'><strong><em>δύνα-</em></strong></span> 
     </span>
     <span class='ocr_line' id='line_1_12' title="bbox 190 1462 1496 1550; baseline 0 -22"><span class='ocrx_word' id='word_1_111' title='bbox 190 1471 271 1529; x_wconf 91' lang='grc' dir='ltr'><strong><em>σθαι</em></strong></span> <span class='ocrx_word' id='word_1_112' title='bbox 290 1463 440 1548; x_wconf 87' lang='grc' dir='ltr'><strong><em>ἀλείφειν</em></strong></span> <span class='ocrx_word' id='word_1_113' title='bbox 458 1466 518 1530; x_wconf 93' lang='grc' dir='ltr'><strong><em>τὸν</em></strong></span> <span class='ocrx_word' id='word_1_114' title='bbox 537 1466 624 1530; x_wconf 91' lang='grc' dir='ltr'><strong><em>πόδα</em></strong></span> <span class='ocrx_word' id='word_1_115' title='bbox 641 1465 836 1530; x_wconf 88' lang='grc' dir='ltr'><strong><em>κελεύουσιν</em></strong></span> <span class='ocrx_word' id='word_1_116' title='bbox 854 1463 908 1550; x_wconf 98' lang='grc'><strong><em>50,</em></strong></span> <span class='ocrx_word' id='word_1_117' title='bbox 922 1462 1009 1528; x_wconf 86' lang='grc'>3609</span> <span class='ocrx_word' id='word_1_118' title='bbox 1019 1463 1058 1527; x_wconf 92' lang='lat' dir='ltr'><strong><em>D.</em></strong></span> <span class='ocrx_word' id='word_1_119' title='bbox 1080 1464 1185 1550; x_wconf 88' lang='grc' dir='ltr'><strong><em>τυρὸν</em></strong></span> <span class='ocrx_word' id='word_1_120' title='bbox 1203 1472 1293 1550; x_wconf 76' lang='grc' dir='ltr'><strong><em>αυτῷ</em></strong></span> <span class='ocrx_word' id='word_1_121' title='bbox 1310 1473 1446 1549; x_wconf 76' lang='grc' dir='ltr'><strong><em>τρῖψαι.</em></strong></span> <span class='ocrx_word' id='word_1_122' title='bbox 1462 1515 1470 1545; x_wconf 90' lang='lat'><strong><em>·.</em></strong></span> <span class='ocrx_word' id='word_1_123' title='bbox 1489 1513 1496 1528; x_wconf 88' lang='lat'><strong>.</strong></span> 
     </span>
     <span class='ocr_line' id='line_1_13' title="bbox 139 1559 1496 1649; baseline 0.001 -25"><span class='ocrx_word' id='word_1_124' title='bbox 139 1592 144 1604; x_wconf 37' lang='lat' dir='ltr'>x</span> <span class='ocrx_word' id='word_1_125' title='bbox 189 1559 244 1625; x_wconf 87' lang='grc' dir='ltr'><strong><em>καί</em></strong></span> <span class='ocrx_word' id='word_1_126' title='bbox 267 1572 417 1649; x_wconf 70' lang='grc' dir='ltr'><strong><em>κηρωτη</em></strong></span> <span class='ocrx_word' id='word_1_127' title='bbox 441 1561 597 1647; x_wconf 84' lang='grc' dir='ltr'><strong><em>συμμίξαι</em></strong></span> <span class='ocrx_word' id='word_1_128' title='bbox 621 1615 627 1627; x_wconf 93' lang='grc'><em>.</em></span> <span class='ocrx_word' id='word_1_129' title='bbox 653 1615 659 1627; x_wconf 92' lang='grc'><em>.</em></span> <span class='ocrx_word' id='word_1_130' title='bbox 684 1614 690 1626; x_wconf 94' lang='grc'><strong>.</strong></span> <span class='ocrx_word' id='word_1_131' title='bbox 719 1561 932 1649; x_wconf 80' lang='grc' dir='ltr'><strong><em>ἐπιτρέπουσι</em></strong></span> <span class='ocrx_word' id='word_1_132' title='bbox 959 1563 1123 1647; x_wconf 91' lang='grc' dir='ltr'><strong><em>μάρτυρες</em></strong></span> <span class='ocrx_word' id='word_1_133' title='bbox 1151 1560 1203 1645; x_wconf 89' lang='grc'><strong><em>51,</em></strong></span> <span class='ocrx_word' id='word_1_134' title='bbox 1218 1560 1346 1645; x_wconf 73' lang='grc' dir='ltr'>3613ί6</span> <span class='ocrx_word' id='word_1_135' title='bbox 1374 1585 1496 1646; x_wconf 87' lang='grc' dir='ltr'><strong><em>κηρω-</em></strong></span> 
     </span>
     <span class='ocr_line' id='line_1_14' title="bbox 190 1658 1496 1746; baseline 0.001 -25"><span class='ocrx_word' id='word_1_136' title='bbox 190 1667 255 1741; x_wconf 75' lang='grc' dir='ltr'><strong><em>της</em></strong></span> <span class='ocrx_word' id='word_1_137' title='bbox 287 1661 449 1746; x_wconf 92' lang='grc' dir='ltr'><strong><em>φαρμάκῳ</em></strong></span> <span class='ocrx_word' id='word_1_138' title='bbox 482 1663 703 1746; x_wconf 78' lang='grc' dir='ltr'><strong><em>προσηνωσαν</em></strong></span> <span class='ocrx_word' id='word_1_139' title='bbox 734 1660 787 1745; x_wconf 92' lang='grc'><strong><em>53,</em></strong></span> <span class='ocrx_word' id='word_1_140' title='bbox 806 1660 940 1725; x_wconf 91' lang='grc' dir='ltr'>3621Β.</span> <span class='ocrx_word' id='word_1_141' title='bbox 981 1668 1020 1745; x_wconf 73' lang='grc' dir='ltr'><strong><em>τῇ</em></strong></span> <span class='ocrx_word' id='word_1_142' title='bbox 1052 1668 1109 1743; x_wconf 82' lang='grc' dir='ltr'><strong><em>τῆς</em></strong></span> <span class='ocrx_word' id='word_1_143' title='bbox 1141 1667 1317 1745; x_wconf 78' lang='grc' dir='ltr'><strong><em>κηρωτῆς</em></strong></span> <span class='ocrx_word' id='word_1_144' title='bbox 1348 1658 1496 1724; x_wconf 76' lang='grc' dir='ltr'><strong><em>ἐπιδόσει</em></strong></span> 
     </span>
     <span class='ocr_line' id='line_1_15' title="bbox 192 1755 1496 1845; baseline 0 -25"><span class='ocrx_word' id='word_1_145' title='bbox 192 1755 368 1835; x_wconf 85' lang='grc' dir='ltr'><strong><em>διώξαντες</em></strong></span> <span class='ocrx_word' id='word_1_146' title='bbox 390 1756 447 1845; x_wconf 90' lang='lat' dir='ltr'>(sc.</span> <span class='ocrx_word' id='word_1_147' title='bbox 465 1758 527 1841; x_wconf 79' lang='grc' dir='ltr'><strong><em>την</em></strong></span> <span class='ocrx_word' id='word_1_148' title='bbox 548 1756 735 1845; x_wconf 82' lang='grc' dir='ltr'><strong><em>τύφλωσιν)</em></strong></span> <span class='ocrx_word' id='word_1_149' title='bbox 764 1756 816 1843; x_wconf 89' lang='grc'><strong><em>65,</em></strong></span> <span class='ocrx_word' id='word_1_150' title='bbox 831 1757 918 1822; x_wconf 85' lang='grc'>3649</span> <span class='ocrx_word' id='word_1_151' title='bbox 929 1757 965 1822; x_wconf 92' lang='grc' dir='ltr'><strong><em>Β.</em></strong></span> <span class='ocrx_word' id='word_1_152' title='bbox 1001 1765 1059 1839; x_wconf 81' lang='grc' dir='ltr'><strong><em>τῆς</em></strong></span> <span class='ocrx_word' id='word_1_153' title='bbox 1087 1758 1210 1832; x_wconf 78' lang='grc' dir='ltr'><strong><em>οἰκείας</em></strong></span> <span class='ocrx_word' id='word_1_154' title='bbox 1237 1756 1347 1821; x_wconf 84' lang='grc' dir='ltr'><strong><em>αὐτῶν</em></strong></span> <span class='ocrx_word' id='word_1_155' title='bbox 1373 1780 1496 1842; x_wconf 82' lang='grc' dir='ltr'><strong><em>κηρω-</em></strong></span> 
     </span>
     <span class='ocr_line' id='line_1_16' title="bbox 190 1853 1497 1944; baseline 0.002 -28"><span class='ocrx_word' id='word_1_156' title='bbox 190 1863 257 1936; x_wconf 76' lang='grc' dir='ltr'><strong><em>της</em></strong></span> <span class='ocrx_word' id='word_1_157' title='bbox 279 1853 395 1942; x_wconf 86' lang='grc' dir='ltr'><strong><em>ἐλαίῳ</em></strong></span> <span class='ocrx_word' id='word_1_158' title='bbox 419 1859 578 1940; x_wconf 74' lang='grc' dir='ltr'><strong><em>λυθείσης</em></strong></span> <span class='ocrx_word' id='word_1_159' title='bbox 601 1865 646 1944; x_wconf 76' lang='grc' dir='ltr'><strong><em>τῷ</em></strong></span> <span class='ocrx_word' id='word_1_160' title='bbox 665 1865 722 1939; x_wconf 79' lang='grc' dir='ltr'><strong><em>τῆς</em></strong></span> <span class='ocrx_word' id='word_1_161' title='bbox 742 1855 940 1941; x_wconf 84' lang='grc' dir='ltr'><strong><em>ἐπιτυμβίου</em></strong></span> <span class='ocrx_word' id='word_1_162' title='bbox 957 1855 1122 1938; x_wconf 84' lang='grc' dir='ltr'><strong><em>κανδήλας</em></strong></span> <span class='ocrx_word' id='word_1_163' title='bbox 1141 1855 1252 1919; x_wconf 84' lang='grc' dir='ltr'><strong><em>αὐτῶν</em></strong></span> <span class='ocrx_word' id='word_1_164' title='bbox 1270 1855 1497 1937; x_wconf 86' lang='grc' dir='ltr'><strong><em>περιττεύοντι</em></strong></span> 
     </span>
     <span class='ocr_line' id='line_1_17' title="bbox 190 1949 1496 2038; baseline -0.002 -22"><span class='ocrx_word' id='word_1_165' title='bbox 190 1961 260 2027; x_wconf 83' lang='grc' dir='ltr'><strong><em>τοῖς</em></strong></span> <span class='ocrx_word' id='word_1_166' title='bbox 292 1951 481 2038; x_wconf 74' lang='grc' dir='ltr'><strong><em>ὀφθαλμοῖς</em></strong></span> <span class='ocrx_word' id='word_1_167' title='bbox 514 1953 638 2019; x_wconf 79' lang='grc' dir='ltr'><strong><em>ἐνιέναι</em></strong></span> <span class='ocrx_word' id='word_1_168' title='bbox 669 1954 863 2019; x_wconf 89' lang='grc' dir='ltr'><strong><em>κελεύουσιν</em></strong></span> <span class='ocrx_word' id='word_1_169' title='bbox 898 1953 953 2038; x_wconf 88' lang='grc'><strong><em>70,</em></strong></span> <span class='ocrx_word' id='word_1_170' title='bbox 972 1951 1106 2016; x_wconf 71' lang='grc'>366911.</span> <span class='ocrx_word' id='word_1_171' title='bbox 1148 1951 1187 2016; x_wconf 89' lang='lat' dir='ltr'><strong><em>cf.</em></strong></span> <span class='ocrx_word' id='word_1_172' title='bbox 1211 1951 1264 2035; x_wconf 90' lang='grc'><strong><em>36,</em></strong></span> <span class='ocrx_word' id='word_1_173' title='bbox 1283 1950 1371 2015; x_wconf 91' lang='grc'>3560</span> <span class='ocrx_word' id='word_1_174' title='bbox 1382 1950 1414 2015; x_wconf 84' lang='grc'><strong><em>0,</em></strong></span> <span class='ocrx_word' id='word_1_175' title='bbox 1424 1949 1496 2038; x_wconf 87' lang='lat' dir='ltr'>D.1)</span> 
     </span>
     <span class='ocr_line' id='line_1_18' title="bbox 193 2047 1496 2137; baseline -0.002 -24"><span class='ocrx_word' id='word_1_176' title='bbox 193 2047 307 2132; x_wconf 83' lang='lat' dir='ltr'>Neque</span> <span class='ocrx_word' id='word_1_177' title='bbox 330 2072 406 2114; x_wconf 87' lang='lat' dir='ltr'>vero</span> <span class='ocrx_word' id='word_1_178' title='bbox 430 2050 493 2114; x_wconf 90' lang='lat' dir='ltr'>mel</span> <span class='ocrx_word' id='word_1_179' title='bbox 517 2051 618 2116; x_wconf 87' lang='lat' dir='ltr'>deest:</span> <span class='ocrx_word' id='word_1_180' title='bbox 642 2052 752 2116; x_wconf 88' lang='lat' dir='ltr'>Marus</span> <span class='ocrx_word' id='word_1_181' title='bbox 776 2051 932 2135; x_wconf 83' lang='lat' dir='ltr'>quaedam</span> <span class='ocrx_word' id='word_1_182' title='bbox 955 2051 1063 2137; x_wconf 84' lang='lat' dir='ltr'>puella</span> <span class='ocrx_word' id='word_1_183' title='bbox 1080 2048 1242 2114; x_wconf 83' lang='lat' dir='ltr'>vermibus</span> <span class='ocrx_word' id='word_1_184' title='bbox 1266 2048 1392 2113; x_wconf 90' lang='lat' dir='ltr'>laborat</span> <span class='ocrx_word' id='word_1_185' title='bbox 1415 2070 1496 2112; x_wconf 89' lang='lat' dir='ltr'>eam·</span> 
     </span>
     <span class='ocr_line' id='line_1_19' title="bbox 191 2146 1496 2237; baseline 0.001 -28"><span class='ocrx_word' id='word_1_186' title='bbox 191 2168 252 2229; x_wconf 85' lang='lat' dir='ltr'>que</span> <span class='ocrx_word' id='word_1_187' title='bbox 276 2147 381 2224; x_wconf 79' lang='grc' dir='ltr'><strong><em>οὕτως</em></strong></span> <span class='ocrx_word' id='word_1_188' title='bbox 408 2149 441 2213; x_wconf 92' lang='grc' dir='ltr'><strong><em>οἰ</em></strong></span> <span class='ocrx_word' id='word_1_189' title='bbox 468 2149 631 2236; x_wconf 89' lang='grc' dir='ltr'><strong><em>μάρτυρες</em></strong></span> <span class='ocrx_word' id='word_1_190' title='bbox 658 2149 786 2235; x_wconf 90' lang='grc' dir='ltr'><strong><em>μέλιτι</em></strong></span> <span class='ocrx_word' id='word_1_191' title='bbox 813 2156 914 2237; x_wconf 78' lang='grc' dir='ltr'><strong><em>ψιλῷ</em></strong></span> <span class='ocrx_word' id='word_1_192' title='bbox 941 2149 1191 2234; x_wconf 74' lang='grc' dir='ltr'><strong><em>θεραπεύουσιν</em></strong></span> <span class='ocrx_word' id='word_1_193' title='bbox 1216 2146 1267 2231; x_wconf 90' lang='grc'><strong><em>10,</em></strong></span> <span class='ocrx_word' id='word_1_194' title='bbox 1285 2146 1426 2223; x_wconf 87' lang='grc'>3449]);</span> <span class='ocrx_word' id='word_1_195' title='bbox 1457 2146 1496 2210; x_wconf 86' lang='lat' dir='ltr'><strong><em>of.</em></strong></span> 
     </span>
     <span class='ocr_line' id='line_1_20' title="bbox 191 2242 1145 2330; baseline 0.001 -23"><span class='ocrx_word' id='word_1_196' title='bbox 191 2244 221 2330; x_wconf 94' lang='grc'><strong><em>6,</em></strong></span> <span class='ocrx_word' id='word_1_197' title='bbox 235 2245 322 2308; x_wconf 90' lang='grc'>3436</span> <span class='ocrx_word' id='word_1_198' title='bbox 332 2242 371 2310; x_wconf 84' lang='grc' dir='ltr'><strong><em>Α.</em></strong></span> <span class='ocrx_word' id='word_1_199' title='bbox 1143 2318 1145 2324; x_wconf 18' lang='grc' dir='ltr'><strong><em>Α</em></strong></span> 
     </span>
    </p>

    <p class='ocr_par' dir='ltr' id='par_1_3' title="bbox 280 2340 1496 2430">
     <span class='ocr_line' id='line_1_21' title="bbox 280 2340 1496 2430; baseline -0.001 -24"><span class='ocrx_word' id='word_1_200' title='bbox 280 2341 394 2407; x_wconf 86' lang='lat' dir='ltr'>Subito</span> <span class='ocrx_word' id='word_1_201' title='bbox 418 2348 573 2429; x_wconf 87' lang='lat' dir='ltr'>apparent</span> <span class='ocrx_word' id='word_1_202' title='bbox 595 2348 766 2430; x_wconf 77' lang='lat' dir='ltr'>martyres,</span> <span class='ocrx_word' id='word_1_203' title='bbox 793 2345 826 2408; x_wconf 92' lang='lat' dir='ltr'><strong><em>id</em></strong></span> <span class='ocrx_word' id='word_1_204' title='bbox 853 2344 940 2427; x_wconf 93' lang='lat' dir='ltr'>quod</span> <span class='ocrx_word' id='word_1_205' title='bbox 967 2344 1096 2429; x_wconf 89' lang='lat' dir='ltr'>proprie</span> <span class='ocrx_word' id='word_1_206' title='bbox 1125 2343 1325 2428; x_wconf 76' lang='lat' dir='ltr'>significatur</span> <span class='ocrx_word' id='word_1_207' title='bbox 1347 2341 1403 2405; x_wconf 78' lang='lat' dir='ltr'>ilio</span> <span class='ocrx_word' id='word_1_208' title='bbox 1428 2340 1496 2406; x_wconf 86' lang='grc' dir='ltr'><strong><em>ἐπι-</em></strong></span> 
     </span>
    </p>
   </div>
   <div class='ocr_carea' id='block_1_3' title="bbox 61 2436 1495 2529">
    <p class='ocr_par' dir='ltr' id='par_1_4' title="bbox 61 2436 1495 2529">
     <span class='ocr_line' id='line_1_22' title="bbox 61 2436 1495 2529; baseline -0.001 -24"><span class='ocrx_word' id='word_1_209' title='bbox 61 2436 63 2439; x_wconf 59' lang='grc'><strong>’</strong></span> <span class='ocrx_word' id='word_1_210' title='bbox 191 2448 307 2524; x_wconf 75' lang='grc' dir='ltr'><strong><em>στῆναι</em></strong></span> <span class='ocrx_word' id='word_1_211' title='bbox 330 2439 384 2528; x_wconf 89' lang='lat' dir='ltr'>(cf.</span> <span class='ocrx_word' id='word_1_212' title='bbox 411 2464 441 2525; x_wconf 93' lang='lat' dir='ltr'><strong><em>p.</em></strong></span> <span class='ocrx_word' id='word_1_213' title='bbox 464 2439 519 2528; x_wconf 84' lang='grc'><strong><em>11)</em></strong></span> <span class='ocrx_word' id='word_1_214' title='bbox 539 2442 665 2525; x_wconf 89' lang='lat' dir='ltr'>saepius</span> <span class='ocrx_word' id='word_1_215' title='bbox 691 2442 835 2506; x_wconf 86' lang='lat' dir='ltr'>adhibito</span> <span class='ocrx_word' id='word_1_216' title='bbox 859 2442 1068 2529; x_wconf 84' lang='grc' dir='ltr'><strong><em>(ἐφίστανται</em></strong></span> <span class='ocrx_word' id='word_1_217' title='bbox 1092 2441 1121 2525; x_wconf 88' lang='grc'><strong><em>8,</em></strong></span> <span class='ocrx_word' id='word_1_218' title='bbox 1135 2439 1276 2525; x_wconf 81' lang='grc' dir='ltr'>3437Ι);</span> <span class='ocrx_word' id='word_1_219' title='bbox 1297 2440 1347 2523; x_wconf 89' lang='grc'><strong><em>18,</em></strong></span> <span class='ocrx_word' id='word_1_220' title='bbox 1361 2438 1495 2503; x_wconf 86' lang='grc'>34761).</span> 
     </span>
    </p>
   </div>
   <div class='ocr_carea' id='block_1_4' title="bbox 189 2535 1497 4094">
    <p class='ocr_par' dir='ltr' id='par_1_5' title="bbox 190 2535 1497 3113">
     <span class='ocr_line' id='line_1_23' title="bbox 191 2535 1496 2624; baseline -0.002 -23"><span class='ocrx_word' id='word_1_221' title='bbox 191 2535 373 2622; x_wconf 89' lang='grc' dir='ltr'><strong><em>ἐπέστησαν</em></strong></span> <span class='ocrx_word' id='word_1_222' title='bbox 397 2540 426 2624; x_wconf 89' lang='grc'><strong><em>8,</em></strong></span> <span class='ocrx_word' id='word_1_223' title='bbox 441 2539 526 2605; x_wconf 89' lang='grc'>3437</span> <span class='ocrx_word' id='word_1_224' title='bbox 539 2538 572 2604; x_wconf 79' lang='lat' dir='ltr'><strong><em>C.</em></strong></span> <span class='ocrx_word' id='word_1_225' title='bbox 614 2539 804 2616; x_wconf 81' lang='grc' dir='ltr'><strong><em>ἐπιστάντες</em></strong></span> <span class='ocrx_word' id='word_1_226' title='bbox 827 2542 857 2620; x_wconf 85' lang='grc'><strong><em>9,</em></strong></span> <span class='ocrx_word' id='word_1_227' title='bbox 876 2537 1018 2624; x_wconf 82' lang='grc' dir='ltr'>3448Α;</span> <span class='ocrx_word' id='word_1_228' title='bbox 1050 2537 1102 2622; x_wconf 91' lang='grc'><strong><em>25,</em></strong></span> <span class='ocrx_word' id='word_1_229' title='bbox 1117 2535 1258 2621; x_wconf 58' lang='grc'>349614,</span> <span class='ocrx_word' id='word_1_230' title='bbox 1290 2535 1342 2621; x_wconf 89' lang='grc'><strong><em>35,</em></strong></span> <span class='ocrx_word' id='word_1_231' title='bbox 1358 2535 1496 2621; x_wconf 79' lang='grc' dir='ltr'>3544Β;</span> 
     </span>
     <span class='ocr_line' id='line_1_24' title="bbox 191 2634 1495 2726; baseline 0.001 -28"><span class='ocrx_word' id='word_1_232' title='bbox 191 2634 242 2720; x_wconf 90' lang='grc'><strong><em>69,</em></strong></span> <span class='ocrx_word' id='word_1_233' title='bbox 258 2635 399 2722; x_wconf 81' lang='grc'>3661]);</span> <span class='ocrx_word' id='word_1_234' title='bbox 424 2637 475 2722; x_wconf 93' lang='grc'><strong><em>70,</em></strong></span> <span class='ocrx_word' id='word_1_235' title='bbox 489 2637 576 2702; x_wconf 90' lang='grc'>3668</span> <span class='ocrx_word' id='word_1_236' title='bbox 587 2636 643 2726; x_wconf 90' lang='grc' dir='ltr'><strong><em>Β),</em></strong></span> <span class='ocrx_word' id='word_1_237' title='bbox 667 2639 774 2703; x_wconf 90' lang='lat' dir='ltr'>subito</span> <span class='ocrx_word' id='word_1_238' title='bbox 799 2639 896 2702; x_wconf 88' lang='lat' dir='ltr'>etiam</span> <span class='ocrx_word' id='word_1_239' title='bbox 919 2641 1121 2719; x_wconf 87' lang='lat' dir='ltr'>evanescunt,</span> <span class='ocrx_word' id='word_1_240' title='bbox 1145 2635 1287 2701; x_wconf 80' lang='lat' dir='ltr'>avolant:</span> <span class='ocrx_word' id='word_1_241' title='bbox 1310 2645 1495 2700; x_wconf 86' lang='grc' dir='ltr'><strong><em>ταῦτα...</em></strong></span> 
     </span>
     <span class='ocr_line' id='line_1_25' title="bbox 190 2728 1497 2823; baseline -0.002 -25"><span class='ocrx_word' id='word_1_242' title='bbox 190 2732 341 2812; x_wconf 79' lang='grc' dir='ltr'><strong><em>λέξαντες</em></strong></span> <span class='ocrx_word' id='word_1_243' title='bbox 364 2735 529 2821; x_wconf 75' lang='grc' dir='ltr'><strong><em>ἀφανεῖς</em></strong></span> <span class='ocrx_word' id='word_1_244' title='bbox 552 2735 706 2823; x_wconf 85' lang='grc' dir='ltr'><strong><em>ἀθρόας</em></strong></span> <span class='ocrx_word' id='word_1_245' title='bbox 730 2735 883 2820; x_wconf 87' lang='grc' dir='ltr'><strong><em>ἐγένοντο</em></strong></span> <span class='ocrx_word' id='word_1_246' title='bbox 909 2737 960 2820; x_wconf 89' lang='grc'><strong><em>13,</em></strong></span> <span class='ocrx_word' id='word_1_247' title='bbox 974 2733 1061 2798; x_wconf 92' lang='grc'>3465</span> <span class='ocrx_word' id='word_1_248' title='bbox 1070 2733 1110 2798; x_wconf 85' lang='lat' dir='ltr'><strong><em>A.</em></strong></span> <span class='ocrx_word' id='word_1_249' title='bbox 1128 2733 1184 2798; x_wconf 83' lang='grc' dir='ltr'><strong><em>καὶ</em></strong></span> <span class='ocrx_word' id='word_1_250' title='bbox 1202 2742 1305 2799; x_wconf 77' lang='grc' dir='ltr'><strong><em>ταῦτα</em></strong></span> <span class='ocrx_word' id='word_1_251' title='bbox 1322 2729 1383 2817; x_wconf 67' lang='grc' dir='ltr'><strong><em>μὲν</em></strong></span> <span class='ocrx_word' id='word_1_252' title='bbox 1402 2728 1497 2797; x_wconf 76' lang='grc' dir='ltr'><strong><em>εἶπον</em></strong></span> 
     </span>
     <span class='ocr_line' id='line_1_26' title="bbox 191 2826 1496 2918; baseline 0.001 -24"><span class='ocrx_word' id='word_1_253' title='bbox 191 2831 226 2894; x_wconf 88' lang='grc' dir='ltr'><strong><em>οἰ</em></strong></span> <span class='ocrx_word' id='word_1_254' title='bbox 250 2830 413 2918; x_wconf 86' lang='grc' dir='ltr'><strong><em>μάρτυρες</em></strong></span> <span class='ocrx_word' id='word_1_255' title='bbox 443 2831 499 2897; x_wconf 82' lang='grc' dir='ltr'><strong><em>καὶ</em></strong></span> <span class='ocrx_word' id='word_1_256' title='bbox 532 2835 680 2910; x_wconf 90' lang='grc' dir='ltr'><strong><em>εἰπόντες</em></strong></span> <span class='ocrx_word' id='word_1_257' title='bbox 712 2833 937 2918; x_wconf 82' lang='grc' dir='ltr'><strong><em>ἀπέπτησαν</em></strong></span> <span class='ocrx_word' id='word_1_258' title='bbox 965 2833 1021 2916; x_wconf 89' lang='grc'><strong><em>34,</em></strong></span> <span class='ocrx_word' id='word_1_259' title='bbox 1041 2831 1175 2896; x_wconf 88' lang='grc' dir='ltr'>354οΒ.</span> <span class='ocrx_word' id='word_1_260' title='bbox 1222 2829 1276 2896; x_wconf 92' lang='grc' dir='ltr'><strong><em>καί</em></strong></span> <span class='ocrx_word' id='word_1_261' title='bbox 1303 2840 1407 2896; x_wconf 85' lang='grc' dir='ltr'><strong><em>ταῦτα</em></strong></span> <span class='ocrx_word' id='word_1_262' title='bbox 1435 2826 1496 2915; x_wconf 73' lang='grc' dir='ltr'><strong><em>μὲν</em></strong></span> 
     </span>
     <span class='ocr_line' id='line_1_27' title="bbox 191 2926 1495 3017; baseline 0.001 -26"><span class='ocrx_word' id='word_1_263' title='bbox 191 2926 262 2992; x_wconf 87' lang='grc' dir='ltr'><strong><em>κατ’</em></strong></span> <span class='ocrx_word' id='word_1_264' title='bbox 288 2931 370 3016; x_wconf 88' lang='grc' dir='ltr'><strong><em>όναρ</em></strong></span> <span class='ocrx_word' id='word_1_265' title='bbox 394 2931 541 3006; x_wconf 80' lang='grc' dir='ltr'><strong><em>εἰπόντες</em></strong></span> <span class='ocrx_word' id='word_1_266' title='bbox 564 2933 597 2996; x_wconf 86' lang='grc' dir='ltr'><strong><em>οἰ</em></strong></span> <span class='ocrx_word' id='word_1_267' title='bbox 619 2931 783 3017; x_wconf 89' lang='grc' dir='ltr'><strong><em>μάρτυρες</em></strong></span> <span class='ocrx_word' id='word_1_268' title='bbox 807 2933 976 3014; x_wconf 85' lang='grc' dir='ltr'><strong><em>ἐπτησαν</em></strong></span> <span class='ocrx_word' id='word_1_269' title='bbox 1000 2928 1052 3014; x_wconf 88' lang='grc'><strong><em>35,</em></strong></span> <span class='ocrx_word' id='word_1_270' title='bbox 1066 2927 1155 2995; x_wconf 89' lang='grc'>3544</span> <span class='ocrx_word' id='word_1_271' title='bbox 1165 2927 1198 2993; x_wconf 86' lang='grc'><strong><em>0.</em></strong></span> <span class='ocrx_word' id='word_1_272' title='bbox 1222 2929 1322 2994; x_wconf 92' lang='grc' dir='ltr'><strong><em>πάλιν</em></strong></span> <span class='ocrx_word' id='word_1_273' title='bbox 1346 2929 1390 3004; x_wconf 84' lang='grc' dir='ltr'><strong><em>ὡς</em></strong></span> <span class='ocrx_word' id='word_1_274' title='bbox 1413 2930 1495 3014; x_wconf 86' lang='grc' dir='ltr'><strong><em>όναρ</em></strong></span> 
     </span>
     <span class='ocr_line' id='line_1_28' title="bbox 190 3024 642 3113; baseline 0.007 -24"><span class='ocrx_word' id='word_1_275' title='bbox 190 3024 416 3111; x_wconf 79' lang='grc' dir='ltr'><strong><em>ἀπέπτησαν</em></strong></span> <span class='ocrx_word' id='word_1_276' title='bbox 438 3027 491 3113; x_wconf 88' lang='grc'><strong><em>43,</em></strong></span> <span class='ocrx_word' id='word_1_277' title='bbox 506 3026 642 3093; x_wconf 87' lang='grc'>35881).</span> 
     </span>
    </p>

    <p class='ocr_par' dir='ltr' id='par_1_6' title="bbox 189 3117 1497 4094">
     <span class='ocr_line' id='line_1_29' title="bbox 214 3117 1497 3212; baseline 0 -24"><span class='ocrx_word' id='word_1_278' title='bbox 214 3117 216 3120; x_wconf 62' lang='grc'><strong>’</strong></span> <span class='ocrx_word' id='word_1_279' title='bbox 278 3123 532 3210; x_wconf 83' lang='lat' dir='ltr'>Nonnumquam</span> <span class='ocrx_word' id='word_1_280' title='bbox 554 3131 711 3212; x_wconf 80' lang='lat' dir='ltr'>martyres</span> <span class='ocrx_word' id='word_1_281' title='bbox 734 3131 890 3210; x_wconf 78' lang='lat' dir='ltr'>apparent</span> <span class='ocrx_word' id='word_1_282' title='bbox 912 3125 1073 3211; x_wconf 81' lang='lat' dir='ltr'>fulgentes</span> <span class='ocrx_word' id='word_1_283' title='bbox 1097 3123 1152 3211; x_wconf 82' lang='lat' dir='ltr'>(cf.</span> <span class='ocrx_word' id='word_1_284' title='bbox 1171 3147 1201 3208; x_wconf 89' lang='lat' dir='ltr'><strong><em>p.</em></strong></span> <span class='ocrx_word' id='word_1_285' title='bbox 1222 3124 1264 3188; x_wconf 93' lang='grc'><strong><em>10</em></strong></span> <span class='ocrx_word' id='word_1_286' title='bbox 1274 3122 1349 3211; x_wconf 87' lang='lat' dir='ltr'>sq.):</span> <span class='ocrx_word' id='word_1_287' title='bbox 1372 3125 1497 3209; x_wconf 87' lang='grc' dir='ltr'><strong><em>άνδρας</em></strong></span> 
     </span>
     <span class='ocr_line' id='line_1_30' title="bbox 189 3222 1497 3311; baseline 0 -24"><span class='ocrx_word' id='word_1_288' title='bbox 189 3223 253 3306; x_wconf 86' lang='grc' dir='ltr'><strong><em>γάρ</em></strong></span> <span class='ocrx_word' id='word_1_289' title='bbox 277 3225 415 3307; x_wconf 80' lang='grc' dir='ltr'><strong><em>ἔβλεπεν</em></strong></span> <span class='ocrx_word' id='word_1_290' title='bbox 438 3222 609 3311; x_wconf 84' lang='lat' dir='ltr'>(Martyria</span> <span class='ocrx_word' id='word_1_291' title='bbox 628 3222 799 3311; x_wconf 87' lang='lat' dir='ltr'>quaedam)</span> <span class='ocrx_word' id='word_1_292' title='bbox 819 3223 854 3290; x_wconf 91' lang='grc' dir='ltr'><strong><em>ἐκ</em></strong></span> <span class='ocrx_word' id='word_1_293' title='bbox 871 3227 985 3309; x_wconf 87' lang='grc' dir='ltr'><strong><em>μόνων</em></strong></span> <span class='ocrx_word' id='word_1_294' title='bbox 1003 3234 1071 3289; x_wconf 80' lang='grc' dir='ltr'><strong><em>τῶν</em></strong></span> <span class='ocrx_word' id='word_1_295' title='bbox 1091 3225 1229 3308; x_wconf 85' lang='grc' dir='ltr'><strong><em>ἰματίων</em></strong></span> <span class='ocrx_word' id='word_1_296' title='bbox 1253 3222 1497 3309; x_wconf 89' lang='grc' dir='ltr'><strong><em>ἀστράπτον-</em></strong></span> 
     </span>
     <span class='ocr_line' id='line_1_31' title="bbox 190 3319 1497 3409; baseline 0 -26"><span class='ocrx_word' id='word_1_297' title='bbox 190 3343 257 3396; x_wconf 92' lang='grc' dir='ltr'><strong><em>τας</em></strong></span> <span class='ocrx_word' id='word_1_298' title='bbox 279 3321 332 3404; x_wconf 91' lang='grc'><strong><em>21,</em></strong></span> <span class='ocrx_word' id='word_1_299' title='bbox 347 3320 480 3386; x_wconf 90' lang='grc' dir='ltr'>3484Β.</span> <span class='ocrx_word' id='word_1_300' title='bbox 504 3324 655 3406; x_wconf 86' lang='grc' dir='ltr'><strong><em>χλαμύδα</em></strong></span> <span class='ocrx_word' id='word_1_301' title='bbox 678 3333 794 3407; x_wconf 83' lang='grc' dir='ltr'><strong><em>φορῶν</em></strong></span> <span class='ocrx_word' id='word_1_302' title='bbox 817 3321 1175 3409; x_wconf 88' lang='grc' dir='ltr'><strong><em>άπαστράπτουσαν</em></strong></span> <span class='ocrx_word' id='word_1_303' title='bbox 1203 3322 1241 3385; x_wconf 89' lang='lat' dir='ltr'>de</span> <span class='ocrx_word' id='word_1_304' title='bbox 1268 3319 1388 3384; x_wconf 86' lang='lat' dir='ltr'>Ioanne</span> <span class='ocrx_word' id='word_1_305' title='bbox 1415 3342 1497 3383; x_wconf 90' lang='lat' dir='ltr'>mar-</span> 
     </span>
     <span class='ocr_line' id='line_1_32' title="bbox 190 3416 1496 3503; baseline 0 -23"><span class='ocrx_word' id='word_1_306' title='bbox 190 3421 263 3501; x_wconf 83' lang='lat' dir='ltr'>tyre</span> <span class='ocrx_word' id='word_1_307' title='bbox 283 3417 342 3482; x_wconf 91' lang='lat' dir='ltr'><strong><em>sub</em></strong></span> <span class='ocrx_word' id='word_1_308' title='bbox 362 3420 467 3503; x_wconf 88' lang='lat' dir='ltr'>specie</span> <span class='ocrx_word' id='word_1_309' title='bbox 480 3419 569 3484; x_wconf 88' lang='lat' dir='ltr'>Petri</span> <span class='ocrx_word' id='word_1_310' title='bbox 582 3419 793 3485; x_wconf 82' lang='lat' dir='ltr'>Alexandrini</span> <span class='ocrx_word' id='word_1_311' title='bbox 807 3420 1042 3503; x_wconf 89' lang='lat' dir='ltr'>praetoriorum</span> <span class='ocrx_word' id='word_1_312' title='bbox 1066 3419 1195 3503; x_wconf 87' lang='lat' dir='ltr'>eparchi</span> <span class='ocrx_word' id='word_1_313' title='bbox 1212 3420 1282 3483; x_wconf 84' lang='lat' dir='ltr'>viso</span> <span class='ocrx_word' id='word_1_314' title='bbox 1299 3418 1350 3502; x_wconf 87' lang='grc'><strong><em>70,</em></strong></span> <span class='ocrx_word' id='word_1_315' title='bbox 1364 3417 1451 3484; x_wconf 88' lang='grc'>3668</span> <span class='ocrx_word' id='word_1_316' title='bbox 1463 3416 1496 3481; x_wconf 80' lang='lat' dir='ltr'><strong><em>O.</em></strong></span> 
     </span>
     <span class='ocr_line' id='line_1_33' title="bbox 191 3513 1496 3603; baseline -0.002 -25"><span class='ocrx_word' id='word_1_317' title='bbox 191 3513 230 3578; x_wconf 87' lang='lat' dir='ltr'><strong><em>of.</em></strong></span> <span class='ocrx_word' id='word_1_318' title='bbox 258 3520 539 3599; x_wconf 85' lang='grc' dir='ltr'><strong><em>λευχειμονοῦσαν</em></strong></span> <span class='ocrx_word' id='word_1_319' title='bbox 572 3517 676 3601; x_wconf 85' lang='grc' dir='ltr'><strong><em>άγίῳν</em></strong></span> <span class='ocrx_word' id='word_1_320' title='bbox 708 3517 872 3603; x_wconf 78' lang='grc' dir='ltr'><strong><em>ὁμήγυριν</em></strong></span> <span class='ocrx_word' id='word_1_321' title='bbox 906 3517 955 3600; x_wconf 93' lang='grc'><strong><em>11,</em></strong></span> <span class='ocrx_word' id='word_1_322' title='bbox 974 3516 1061 3580; x_wconf 89' lang='grc'>3453</span> <span class='ocrx_word' id='word_1_323' title='bbox 1070 3517 1107 3582; x_wconf 91' lang='grc' dir='ltr'><strong><em>Β.</em></strong></span> <span class='ocrx_word' id='word_1_324' title='bbox 1140 3517 1179 3581; x_wconf 87' lang='lat' dir='ltr'><strong><em>cf.</em></strong></span> <span class='ocrx_word' id='word_1_325' title='bbox 1198 3517 1251 3600; x_wconf 88' lang='grc'><strong><em>38,</em></strong></span> <span class='ocrx_word' id='word_1_326' title='bbox 1270 3514 1408 3600; x_wconf 78' lang='lat'>3569133</span> <span class='ocrx_word' id='word_1_327' title='bbox 1446 3513 1496 3599; x_wconf 94' lang='grc'><strong><em>70,</em></strong></span> 
     </span>
     <span class='ocr_line' id='line_1_34' title="bbox 192 3610 1497 3701; baseline 0.001 -27"><span class='ocrx_word' id='word_1_328' title='bbox 192 3611 329 3677; x_wconf 90' lang='grc'>36721).</span> <span class='ocrx_word' id='word_1_329' title='bbox 366 3610 480 3699; x_wconf 87' lang='lat' dir='ltr'>Neque</span> <span class='ocrx_word' id='word_1_330' title='bbox 502 3615 641 3699; x_wconf 81' lang='grc' dir='ltr'><strong><em>ἠπιότης</em></strong></span> <span class='ocrx_word' id='word_1_331' title='bbox 664 3615 704 3679; x_wconf 91' lang='lat' dir='ltr'><strong><em>iis</em></strong></span> <span class='ocrx_word' id='word_1_332' title='bbox 728 3615 818 3679; x_wconf 84' lang='lat' dir='ltr'>deest</span> <span class='ocrx_word' id='word_1_333' title='bbox 836 3612 890 3701; x_wconf 85' lang='lat' dir='ltr'>(of.</span> <span class='ocrx_word' id='word_1_334' title='bbox 909 3638 940 3698; x_wconf 92' lang='lat' dir='ltr'><strong><em>p.</em></strong></span> <span class='ocrx_word' id='word_1_335' title='bbox 962 3612 1087 3701; x_wconf 85' lang='lat' dir='ltr'>llsq.):</span> <span class='ocrx_word' id='word_1_336' title='bbox 1111 3617 1290 3698; x_wconf 90' lang='grc' dir='ltr'><strong><em>φαίνονται</em></strong></span> <span class='ocrx_word' id='word_1_337' title='bbox 1313 3614 1497 3697; x_wconf 84' lang='grc' dir='ltr'><strong><em>μειδιῶν-</em></strong></span> 
     </span>
     <span class='ocr_line' id='line_1_35' title="bbox 189 3709 1495 3798; baseline -0.002 -24"><span class='ocrx_word' id='word_1_338' title='bbox 189 3733 251 3786; x_wconf 89' lang='grc' dir='ltr'><strong><em>τες</em></strong></span> <span class='ocrx_word' id='word_1_339' title='bbox 282 3709 338 3775; x_wconf 82' lang='grc' dir='ltr'><strong><em>κα)</em></strong></span> <span class='ocrx_word' id='word_1_340' title='bbox 370 3716 680 3798; x_wconf 82' lang='grc' dir='ltr'><strong><em>προσπαίζοντες</em></strong></span> <span class='ocrx_word' id='word_1_341' title='bbox 715 3713 766 3797; x_wconf 90' lang='grc'><strong><em>12,</em></strong></span> <span class='ocrx_word' id='word_1_342' title='bbox 784 3710 921 3778; x_wconf 91' lang='grc' dir='ltr'>346οΑ.</span> <span class='ocrx_word' id='word_1_343' title='bbox 967 3712 1123 3796; x_wconf 87' lang='lat' dir='ltr'>Martyria</span> <span class='ocrx_word' id='word_1_344' title='bbox 1154 3711 1243 3776; x_wconf 83' lang='lat' dir='ltr'>videt</span> <span class='ocrx_word' id='word_1_345' title='bbox 1273 3714 1429 3793; x_wconf 88' lang='lat' dir='ltr'>martyres</span> <span class='ocrx_word' id='word_1_346' title='bbox 1462 3709 1495 3771; x_wconf 92' lang='lat' dir='ltr'><strong><em>in</em></strong></span> 
     </span>
     <span class='ocr_line' id='line_1_36' title="bbox 189 3807 1495 3898; baseline -0.001 -26"><span class='ocrx_word' id='word_1_347' title='bbox 189 3807 301 3873; x_wconf 88' lang='lat' dir='ltr'>codem</span> <span class='ocrx_word' id='word_1_348' title='bbox 339 3810 464 3874; x_wconf 88' lang='lat' dir='ltr'>somnio</span> <span class='ocrx_word' id='word_1_349' title='bbox 506 3807 560 3898; x_wconf 89' lang='lat' dir='ltr'>(cf.</span> <span class='ocrx_word' id='word_1_350' title='bbox 588 3807 699 3897; x_wconf 89' lang='lat' dir='ltr'>supra)</span> <span class='ocrx_word' id='word_1_351' title='bbox 731 3807 926 3897; x_wconf 73' lang='grc' dir='ltr'><strong><em>προσηνὲς</em></strong></span> <span class='ocrx_word' id='word_1_352' title='bbox 957 3810 1175 3894; x_wconf 79' lang='grc' dir='ltr'><strong><em>βλέποντας</em></strong></span> <span class='ocrx_word' id='word_1_353' title='bbox 1206 3807 1260 3873; x_wconf 84' lang='grc' dir='ltr'><strong><em>κα)</em></strong></span> <span class='ocrx_word' id='word_1_354' title='bbox 1297 3809 1495 3892; x_wconf 83' lang='grc' dir='ltr'><strong><em>μειλίχιον</em></strong></span> 
     </span>
     <span class='ocr_line' id='line_1_37' title="bbox 191 3906 1497 3993; baseline 0.002 -25"><span class='ocrx_word' id='word_1_355' title='bbox 191 3907 242 3990; x_wconf 90' lang='grc'><strong><em>21,</em></strong></span> <span class='ocrx_word' id='word_1_356' title='bbox 257 3907 345 3970; x_wconf 90' lang='grc'>3484</span> <span class='ocrx_word' id='word_1_357' title='bbox 353 3908 390 3972; x_wconf 88' lang='grc' dir='ltr'><strong><em>Β.</em></strong></span> <span class='ocrx_word' id='word_1_358' title='bbox 414 3909 620 3993; x_wconf 91' lang='grc' dir='ltr'><strong><em>μειδιάσας</em></strong></span> <span class='ocrx_word' id='word_1_359' title='bbox 642 3909 682 3973; x_wconf 91' lang='lat' dir='ltr'>de</span> <span class='ocrx_word' id='word_1_360' title='bbox 701 3907 801 3973; x_wconf 90' lang='lat' dir='ltr'>altero</span> <span class='ocrx_word' id='word_1_361' title='bbox 824 3913 966 3992; x_wconf 85' lang='lat' dir='ltr'>martyre</span> <span class='ocrx_word' id='word_1_362' title='bbox 985 3909 1037 3992; x_wconf 87' lang='grc'><strong><em>33,</em></strong></span> <span class='ocrx_word' id='word_1_363' title='bbox 1052 3906 1188 3972; x_wconf 87' lang='grc'>35331).</span> <span class='ocrx_word' id='word_1_364' title='bbox 1211 3907 1376 3992; x_wconf 91' lang='grc' dir='ltr'><strong><em>μάρτυρες</em></strong></span> <span class='ocrx_word' id='word_1_365' title='bbox 1393 3927 1497 3992; x_wconf 90' lang='grc' dir='ltr'><strong><em>παρα-</em></strong></span> 
     </span>
     <span class='ocr_line' id='line_1_38' title="bbox 191 4002 1496 4094; baseline 0.001 -27"><span class='ocrx_word' id='word_1_366' title='bbox 191 4002 325 4082; x_wconf 90' lang='grc' dir='ltr'><strong><em>στάντες</em></strong></span> <span class='ocrx_word' id='word_1_367' title='bbox 337 4007 539 4073; x_wconf 89' lang='grc' dir='ltr'><strong><em>καθεύδοντι</em></strong></span> <span class='ocrx_word' id='word_1_368' title='bbox 558 4008 689 4094; x_wconf 85' lang='grc' dir='ltr'><strong><em>πράως</em></strong></span> <span class='ocrx_word' id='word_1_369' title='bbox 703 4007 787 4091; x_wconf 85' lang='grc' dir='ltr'><strong><em>δμοῦ</em></strong></span> <span class='ocrx_word' id='word_1_370' title='bbox 798 4004 854 4072; x_wconf 88' lang='grc' dir='ltr'><strong><em>κα)</em></strong></span> <span class='ocrx_word' id='word_1_371' title='bbox 869 4016 1075 4093; x_wconf 85' lang='grc' dir='ltr'><strong><em>προσηνῶς</em></strong></span> <span class='ocrx_word' id='word_1_372' title='bbox 1089 4002 1496 4088; x_wconf 84' lang='grc' dir='ltr'><strong><em>διαλέγονται39,3572]).</em></strong></span> 
     </span>
    </p>
   </div>
   <div class='ocr_carea' id='block_1_5' title="bbox 186 4206 1496 4762">
    <p class='ocr_par' dir='ltr' id='par_1_7' title="bbox 186 4206 1496 4601">
     <span class='ocr_line' id='line_1_39' title="bbox 190 4206 1494 4279; baseline -0.001 -19"><span class='ocrx_word' id='word_1_373' title='bbox 190 4207 249 4262; x_wconf 81' lang='lat' dir='ltr'>illic</span> <span class='ocrx_word' id='word_1_374' title='bbox 267 4209 361 4263; x_wconf 69' lang='lat' dir='ltr'>crased</span> <span class='ocrx_word' id='word_1_375' title='bbox 379 4208 431 4262; x_wconf 81' lang='lat' dir='ltr'>olei</span> <span class='ocrx_word' id='word_1_376' title='bbox 449 4209 551 4279; x_wconf 76' lang='lat' dir='ltr'>liquore</span> <span class='ocrx_word' id='word_1_377' title='bbox 567 4210 758 4279; x_wconf 69' lang='lat' dir='ltr'>perficiuntur,</span> <span class='ocrx_word' id='word_1_378' title='bbox 777 4209 819 4264; x_wconf 81' lang='lat' dir='ltr'><strong><em>ita</em></strong></span> <span class='ocrx_word' id='word_1_379' title='bbox 841 4213 873 4262; x_wconf 84' lang='grc' dir='ltr'><strong><em>αἰ</em></strong></span> <span class='ocrx_word' id='word_1_380' title='bbox 896 4223 1093 4279; x_wconf 77' lang='lat' dir='ltr'>quacunque</span> <span class='ocrx_word' id='word_1_381' title='bbox 1115 4207 1190 4277; x_wconf 81' lang='grc' dir='ltr'><strong><em>ηαίε</em></strong></span> <span class='ocrx_word' id='word_1_382' title='bbox 1212 4210 1368 4261; x_wconf 76' lang='lat' dir='ltr'>teneatur</span> <span class='ocrx_word' id='word_1_383' title='bbox 1390 4206 1494 4272; x_wconf 66' lang='lat' dir='ltr'>dasir-</span> 
     </span>
     <span class='ocr_line' id='line_1_40' title="bbox 189 4286 1496 4358; baseline -0.002 -18"><span class='ocrx_word' id='word_1_384' title='bbox 189 4287 318 4353; x_wconf 77' lang='lat' dir='ltr'>mr&#39;tcte,</span> <span class='ocrx_word' id='word_1_385' title='bbox 338 4304 398 4342; x_wconf 86' lang='grc' dir='ltr'><strong><em>οακι</em></strong></span> <span class='ocrx_word' id='word_1_386' title='bbox 417 4303 449 4342; x_wconf 85' lang='grc' dir='ltr'><strong><em>αι</em></strong></span> <span class='ocrx_word' id='word_1_387' title='bbox 467 4303 497 4343; x_wconf 82' lang='grc' dir='ltr'><strong><em>ιο</em></strong></span> <span class='ocrx_word' id='word_1_388' title='bbox 512 4295 661 4356; x_wconf 73' lang='lat' dir='ltr'>permutas</span> <span class='ocrx_word' id='word_1_389' title='bbox 679 4290 772 4356; x_wconf 79' lang='lat' dir='ltr'>fcerit,</span> <span class='ocrx_word' id='word_1_390' title='bbox 791 4289 884 4344; x_wconf 80' lang='lat' dir='ltr'>statim</span> <span class='ocrx_word' id='word_1_391' title='bbox 902 4289 1024 4358; x_wconf 69' lang='lat' dir='ltr'>sapiente</span> <span class='ocrx_word' id='word_1_392' title='bbox 1041 4289 1104 4342; x_wconf 83' lang='lat' dir='ltr'>tubo</span> <span class='ocrx_word' id='word_1_393' title='bbox 1117 4287 1331 4342; x_wconf 75' lang='grc' dir='ltr'><strong><em>ι’κοοίακιίίαἰακ</em></strong></span> <span class='ocrx_word' id='word_1_394' title='bbox 1345 4286 1496 4354; x_wconf 67' lang='lat' dir='ltr'>pridianae</span> 
     </span>
     <span class='ocr_line' id='line_1_41' title="bbox 186 4364 1495 4439; baseline -0.005 -17"><span class='ocrx_word' id='word_1_395' title='bbox 186 4372 346 4436; x_wconf 69' lang='lat' dir='ltr'>praestante</span> <span class='ocrx_word' id='word_1_396' title='bbox 363 4368 485 4422; x_wconf 80' lang='lat' dir='ltr'>Domino</span> <span class='ocrx_word' id='word_1_397' title='bbox 507 4370 624 4437; x_wconf 80' lang='lat' dir='ltr'>recipere</span> <span class='ocrx_word' id='word_1_398' title='bbox 642 4371 756 4439; x_wconf 69' lang='lat' dir='ltr'>possit‘.</span> <span class='ocrx_word' id='word_1_399' title='bbox 777 4401 809 4409; x_wconf 99' lang='lat'><em>-</em></span> <span class='ocrx_word' id='word_1_400' title='bbox 829 4368 861 4421; x_wconf 90' lang='lat' dir='ltr'><strong><em>In</em></strong></span> <span class='ocrx_word' id='word_1_401' title='bbox 885 4367 950 4437; x_wconf 82' lang='lat' dir='ltr'>Cyri</span> <span class='ocrx_word' id='word_1_402' title='bbox 973 4367 1141 4435; x_wconf 88' lang='lat' dir='ltr'>Ioannisque</span> <span class='ocrx_word' id='word_1_403' title='bbox 1166 4383 1245 4420; x_wconf 88' lang='lat' dir='ltr'>sacro</span> <span class='ocrx_word' id='word_1_404' title='bbox 1270 4365 1364 4419; x_wconf 88' lang='lat' dir='ltr'>oleum</span> <span class='ocrx_word' id='word_1_405' title='bbox 1387 4364 1458 4416; x_wconf 90' lang='lat' dir='ltr'>illud</span> <span class='ocrx_word' id='word_1_406' title='bbox 1478 4380 1495 4415; x_wconf 88' lang='lat' dir='ltr'><strong><em>a</em></strong></span> 
     </span>
     <span class='ocr_line' id='line_1_42' title="bbox 189 4445 1494 4517; baseline -0.003 -17"><span class='ocrx_word' id='word_1_407' title='bbox 189 4445 286 4501; x_wconf 86' lang='lat' dir='ltr'>multis</span> <span class='ocrx_word' id='word_1_408' title='bbox 305 4463 409 4517; x_wconf 79' lang='lat' dir='ltr'>eorum,</span> <span class='ocrx_word' id='word_1_409' title='bbox 428 4448 477 4515; x_wconf 89' lang='lat' dir='ltr'><strong><em>qui</em></strong></span> <span class='ocrx_word' id='word_1_410' title='bbox 496 4448 534 4501; x_wconf 92' lang='lat' dir='ltr'><strong><em>ad</em></strong></span> <span class='ocrx_word' id='word_1_411' title='bbox 552 4465 677 4502; x_wconf 85' lang='lat' dir='ltr'>mensam</span> <span class='ocrx_word' id='word_1_412' title='bbox 696 4448 873 4502; x_wconf 90' lang='lat' dir='ltr'>Dominicam</span> <span class='ocrx_word' id='word_1_413' title='bbox 891 4465 948 4502; x_wconf 88' lang='lat' dir='ltr'><strong><em>nou</em></strong></span> <span class='ocrx_word' id='word_1_414' title='bbox 967 4447 1152 4516; x_wconf 82' lang='lat' dir='ltr'>accedebant,</span> <span class='ocrx_word' id='word_1_415' title='bbox 1175 4464 1225 4516; x_wconf 89' lang='lat' dir='ltr'><strong><em>pro</em></strong></span> <span class='ocrx_word' id='word_1_416' title='bbox 1245 4460 1359 4516; x_wconf 89' lang='lat' dir='ltr'>corpore</span> <span class='ocrx_word' id='word_1_417' title='bbox 1383 4447 1413 4498; x_wconf 87' lang='lat' dir='ltr'>et</span> <span class='ocrx_word' id='word_1_418' title='bbox 1431 4459 1494 4496; x_wconf 90' lang='lat' dir='ltr'>san-</span> 
     </span>
     <span class='ocr_line' id='line_1_43' title="bbox 189 4527 865 4601; baseline 0.003 -21"><span class='ocrx_word' id='word_1_419' title='bbox 189 4528 275 4597; x_wconf 86' lang='lat' dir='ltr'>guine</span> <span class='ocrx_word' id='word_1_420' title='bbox 294 4527 397 4582; x_wconf 83' lang='lat' dir='ltr'>Christi</span> <span class='ocrx_word' id='word_1_421' title='bbox 416 4528 586 4596; x_wconf 79' lang='lat' dir='ltr'>sumebatur,</span> <span class='ocrx_word' id='word_1_422' title='bbox 606 4528 640 4583; x_wconf 84' lang='lat' dir='ltr'><strong><em>of.</em></strong></span> <span class='ocrx_word' id='word_1_423' title='bbox 657 4534 699 4599; x_wconf 86' lang='grc'><strong><em>36,</em></strong></span> <span class='ocrx_word' id='word_1_424' title='bbox 714 4528 865 4601; x_wconf 72' lang='lat' dir='ltr'>aaaassso</span> 
     </span>
    </p>

    <p class='ocr_par' dir='ltr' id='par_1_8' title="bbox 190 4601 1495 4762">
     <span class='ocr_line' id='line_1_44' title="bbox 280 4601 1495 4678; baseline -0.003 -17"><span class='ocrx_word' id='word_1_425' title='bbox 280 4609 305 4678; x_wconf 90' lang='lat'><strong><em>1)</em></strong></span> <span class='ocrx_word' id='word_1_426' title='bbox 323 4608 379 4662; x_wconf 87' lang='lat' dir='ltr'><strong><em>Ubi</em></strong></span> <span class='ocrx_word' id='word_1_427' title='bbox 402 4607 479 4662; x_wconf 92' lang='lat' dir='ltr'>illius</span> <span class='ocrx_word' id='word_1_428' title='bbox 503 4608 648 4676; x_wconf 84' lang='lat' dir='ltr'>lucernae,</span> <span class='ocrx_word' id='word_1_429' title='bbox 676 4626 748 4676; x_wconf 89' lang='lat' dir='ltr'>quae</span> <span class='ocrx_word' id='word_1_430' title='bbox 774 4612 839 4663; x_wconf 85' lang='lat' dir='ltr'>ante</span> <span class='ocrx_word' id='word_1_431' title='bbox 866 4608 1020 4663; x_wconf 85' lang='lat' dir='ltr'>Salvatoris</span> <span class='ocrx_word' id='word_1_432' title='bbox 1047 4607 1169 4678; x_wconf 83' lang='lat' dir='ltr'>effigiem</span> <span class='ocrx_word' id='word_1_433' title='bbox 1195 4607 1225 4660; x_wconf 93' lang='lat' dir='ltr'><strong><em>in</em></strong></span> <span class='ocrx_word' id='word_1_434' title='bbox 1251 4603 1404 4673; x_wconf 85' lang='lat' dir='ltr'>Tetrapylo</span> <span class='ocrx_word' id='word_1_435' title='bbox 1430 4601 1495 4657; x_wconf 87' lang='lat' dir='ltr'>Ale·</span> 
     </span>
     <span class='ocr_line' id='line_1_45' title="bbox 190 4687 727 4762; baseline 0.011 -21"><span class='ocrx_word' id='word_1_436' title='bbox 190 4687 326 4742; x_wconf 86' lang='lat' dir='ltr'>xandrino</span> <span class='ocrx_word' id='word_1_437' title='bbox 345 4688 439 4762; x_wconf 78' lang='lat' dir='ltr'>audet,</span> <span class='ocrx_word' id='word_1_438' title='bbox 459 4687 609 4743; x_wconf 85' lang='lat' dir='ltr'>adhibetur</span> <span class='ocrx_word' id='word_1_439' title='bbox 627 4689 727 4747; x_wconf 86' lang='lat' dir='ltr'>oleum.</span> 
     </span>
    </p>
   </div>
   <div class='ocr_carea' id='block_1_6' title="bbox 1245 4778 1280 4834">
    <p class='ocr_par' dir='ltr' id='par_1_9' title="bbox 1245 4778 1280 4834">
     <span class='ocr_line' id='line_1_46' title="bbox 1245 4778 1280 4834; baseline 0 -29"><span class='ocrx_word' id='word_1_440' title='bbox 1245 4778 1280 4834; x_wconf 61' lang='grc' dir='ltr'><strong><em>,ι</em></strong></span> 
     </span>
    </p>
   </div>
   <div class='ocr_carea' id='block_1_7' title="bbox 0 0 1780 5317">
    <p class='ocr_par' dir='ltr' id='par_1_10' title="bbox 0 0 1780 5317">
     <span class='ocr_line' id='line_1_47' title="bbox 0 0 1780 5317; baseline 0 0"><span class='ocrx_word' id='word_1_441' title='bbox 0 0 1780 5317; x_wconf 95' lang='lat' dir='ltr'><strong><em> </em></strong></span> 
     </span>
    </p>
   </div>
  </div>
 </body>
</html>
