3550 5317
643 336 685 390 De
702 335 884 390 incubatione
903 335 1064 391 christiana.
1461 338 1501 399 ’Π

288 500 402 585 Itaque
426 502 460 565 in
483 502 545 565 hoc
569 522 657 566 sacro
681 499 861 584 Byzantino
885 500 1050 565 incubatio
1069 499 1139 563 fieri
1157 500 1281 564 solebat
1302 501 1506 585 martyribus,

199 601 263 664 huc
287 622 415 684 quoquc
437 599 603 663 referenda
626 602 700 663 sunt
724 620 805 682 quae
824 621 921 683 supra
938 598 1202 682 perlustravimus
1225 597 1386 662 miracula.
1428 598 1506 674 Quis

200 701 310 762 tamen
333 697 483 782 Byzantii
506 696 671 762 colebatur
689 696 766 761 deus
789 696 841 760 vel
864 697 921 780 qui
944 696 1004 779 dei,
1027 718 1163 779 quorum
1187 698 1221 760 in
1246 695 1376 780 templis
1398 718 1508 782 aegro

199 800 304 860 tentes
318 818 377 880 per
390 795 629 860 incubationem
649 796 859 860 sanarentur?
891 794 999 858 Velim
1018 795 1169 878 inspicias
1187 795 1258 859 mir.
1274 795 1295 858 9
1313 818 1343 879 p.
1351 794 1505 878 346sqq.:

197 896 235 959 τὸ
259 891 296 959 δὲ
313 895 573 989 ,συμπαθητικὸν
595 891 650 958 καί
674 889 869 979 προσηνίςῙ)
893 903 960 957 τῶν
983 893 1116 957 δούλων
1139 901 1199 958 τοῦ
1218 898 1366 978 Χριστοῦ
1388 896 1506 977 Κοσμᾶ

197 990 252 1057 καὶ
280 998 457 1077 Λαμιανοῦ
485 993 568 1077 πρὸς
595 989 721 1067 πάντας
756 990 958 1076 ἀνθρώπους
988 1042 995 1054 .
1020 1042 1026 1055 .
1051 1043 1058 1055 .
1090 988 1145 1055 καὶ
1173 993 1219 1067 εἰς
1246 992 1283 1056 τὸ
1311 993 1412 1066 ἔθνος
1439 1002 1507 1055 τῶν

198 1089 327 1173 ἀσεβῶν
345 1088 515 1172 Ἑλλήνων
537 1084 729 1173 ἔφθασενί).
753 1087 808 1153 καὶ
831 1091 968 1171 γνόντες
990 1089 1031 1153 τά
1053 1092 1238 1173 χαρίσματα
1264 1098 1332 1153 τῶν
1360 1089 1506 1172 ἰαμάτων

198 1185 341 1274 αύτῶνί)
363 1186 418 1252 καὶ
441 1189 499 1264 τὰς
522 1188 676 1253 τούτων.
702 1238 708 1251 .
733 1237 739 1250 .
762 1197 830 1251 τῶν
852 1187 1036 1271 θαυμάτων
1055 1186 1221 1272 ἐνεργείας
1243 1186 1410 1251 ἐκάλουν
1429 1189 1507 1263 τούς

202 1283 357 1363 ἐνδόξους
380 1287 521 1362 τούτους
544 1337 550 1350 .
576 1289 669 1349 ..Κ
692 1281 748 1349 καὶ
771 1289 812 1349 Δ.
835 1271 978 1351 κατὰτὸ
1001 1293 1059 1367 τῆς
1082 1284 1268 1367 δυσσεβοῦς
1290 1284 1401 1349 αὐτῶν
1422 1291 1507 1369 θρη-

199 1386 310 1460 σκειάς
331 1392 436 1469 μῦσος
459 1385 643 1467 Κάστορα
665 1379 729 1447 καί
752 1383 1022 1465 Πολυδεύκην.
1068 1381 1156 1447 [nfra
1186 1383 1224 1445 de
1249 1379 1368 1447 Graeco
1398 1404 1507 1468 aegro

197 1485 287 1545 tante
309 1485 481 1546 narrantur
503 1481 582 1545 haec
610 1477 655 1566 (p.
675 1475 769 1565 348):
796 1481 903 1568 τούτῳ
931 1481 1051 1557 πάντες
1079 1481 1115 1546 οἰ
1139 1483 1261 1565 φίλοι.
1286 1532 1292 1544 .
1317 1533 1323 1544 .
1347 1481 1507 1564 συνεβού-

200 1583 323 1644 λευσαν
357 1579 394 1644 ἐν
424 1589 470 1666 τῷ
500 1587 589 1666 σηκῷ
613 1577 667 1666 (cf.
685 1602 716 1662 p.
737 1576 837 1664 70,1)
865 1576 1004 1666 τούτφ4)
1028 1589 1095 1643 τῶν
1123 1577 1228 1661 ἁγίων
1251 1582 1290 1642 Κ
1313 1576 1368 1642 καί
1390 1583 1432 1643 Δ.
1456 1577 1507 1642 ἰλ-

140 1679 144 1686 ”
202 1675 323 1763 θεῖνῧ),
347 1677 387 1742 οὐ
410 1677 494 1763 πρὸς
516 1676 639 1754 αύτούς
661 1679 740 1754 τοὺς
762 1676 879 1760 ἁγίους
897 1685 1018 1741 τοῦτον
1041 1675 1293 1753 ἀποστείλαντες
1316 1727 1323 1740 .
1347 1727 1354 1740 .
1378 1724 1401 1759 .,
1423 1674 1507 1740 ἀλλά

200 1775 283 1861 πρὸς
309 1777 371 1859 τὴν
397 1779 625 1862 προσηγορίαν
653 1773 844 1861 ἀφορῶντες
872 1825 878 1838 .
907 1824 914 1838 .
944 1825 950 1838 .
978 1775 1183 1860 Κάστορος
1209 1772 1274 1839 καί
1302 1774 1506 1839 Πολυδεύ-

197 1871 332 1960 κουςί).
356 1869 425 1939 εἷτα
449 1923 456 1938 .
481 1925 487 1938 .
512 1925 518 1938 .
542 1873 699 1939 ἀσθενῶν
728 1925 734 1939 .
759 1923 766 1937 .
790 1924 797 1937 .
824 1874 1040 1959 παραγίνεται
1068 1872 1105 1938 ἰν
1133 1873 1240 1960 τούτφ
1267 1879 1313 1958 τῷ
1342 1869 1506 1959 ἰατρείφῗ)

197 1983 265 2040 τῶν
288 1972 409 2056 ἀγίων,
436 1970 491 2036 καὶ
515 1972 648 2038 ὀδυνῶν
671 1971 861 2038 ἀνενδότων
883 1969 973 2058 αύτῷ
996 1967 1269 2057 προσγινομένων
1292 1970 1328 2032 οί
1348 1978 1407 2034 τοῦ
1427 1973 1507 2055 Χρι-

200 2078 283 2135 στοῦ
305 2070 509 2156 θεράποντες
533 2073 572 2134 K.
595 2067 650 2134 καί
673 2076 715 2136 Δ.
738 2069 778 2134 τά
808 2064 953 2134 εἰωθότα
980 2068 1093 2144 αὐτοῖς
1121 2066 1194 2150 ἐλέη
1222 2068 1269 2142 εἰς
1295 2068 1374 2142 τοὺς
1401 2065 1507 2153 ἀρρώ-

201 2183 300 2244 στους
314 2167 541 2252 ἐφαπλοῦντες
554 2168 615 2251 τὴν
628 2163 835 2254 περιοδίανε)
849 2176 918 2230 τῶν
933 2167 1055 2231 ίάσεων
1069 2167 1116 2242 εἰς
1130 2165 1252 2240 αὐτούς
1266 2163 1506 2230 ἐπεδείκνυντο.

201 2262 256 2329 καί
280 2265 472 2349 φθάσαντες
495 2261 575 2350 είς9)
595 2265 655 2330 τὸν
677 2268 791 2346 τόπον,
814 2262 851 2329 ἐν
874 2255 1122 2351 ᾧόπεμφθείς
1143 2263 1233 2347 παρὰ
1255 2260 1507 2345 τῶνἙλλήνων

192 2360 316 2445 Ἕλλην
329 2359 384 2427 καὶ
394 2361 494 2438 αὐτὸς
506 2361 665 2446 ὑπάρχων
679 2365 783 2427 ἔκειτο
797 2370 918 2427 τοῦτον
926 2359 1210 2448 ἀποστρεφόμενοι
1220 2368 1279 2443 τῆς
1285 2357 1324 2445 ¹⁰)
1332 2361 1416 2444 πρὸς
1429 2362 1507 2436 τοὺς

201 2461 323 2537 ἀλλους
331 2457 556 2544 θλιβομένους
566 2462 746 2544 θεραπείας
758 2465 897 2544 εἰχοντο.
914 2460 951 2523 τὸ
966 2455 1003 2524 δὲ
1014 2467 1147 2524 τοιοῦτο
1158 2466 1265 2542 σχῆμα
1273 2455 1506 2544 πλειστάκιςῙῙ)

199 2556 265 2623 ὑπὸ
293 2569 360 2622 τῶν
390 2557 496 2640 ἀγίων
523 2554 572 2622 ἐπ’
600 2557 690 2645 αὐτῷ
714 2560 895 2642 γενόμενον
925 2555 944 2621 ό
970 2554 1137 2641 πεμφθεὶς
1162 2555 1228 2620 ὑπὸ
1255 2566 1323 2620 τῶν
1339 2554 1507 2638 Ἑλλήνων

198 2657 373 2740 θεωρήσας
398 2707 404 2720 .
428 2706 434 2719 .
454 2705 462 2720 .
480 2653 602 2741 ἤρξατο
621 2707 628 2720 .
648 2707 654 2719 .
675 2704 682 2719 .
700 2657 832 2742 κράζειν
854 2652 909 2719 καί
929 2653 1065 2720 δίεσθαι
1088 2655 1209 2737 αὐτῶν,
1227 2654 1274 2730 ῶς
1291 2653 1333 2719 ἀν
1351 2651 1508 2740 καὶπρὸς

198 2753 301 2818 αὐτὸν
319 2751 512 2818 ἀπέλθωσιν
529 2750 585 2818 καὶ
603 2757 812 2837 κουφίσωσιν
825 2761 883 2837 τῆς
901 2753 1117 2840 περιεχούσης
1135 2749 1286 2839 ausast)
1305 2755 1506 2831 θλίψεως...

201 2850 421 2935 ἀπεκρίναντο
444 2848 580 2938 aarum)
603 2851 745 2935 ὀργίλως
768 2850 804 2915 οἰ
823 2851 926 2932 ἀγιοι·
950 2852 999 2936 μη
1020 2853 1093 2936 γάρ
1120 2851 1217 2936 πρὸς
1243 2849 1342 2935 ἡμᾶς
1370 2850 1507 2934 ἐληλυ-

198 2954 289 3032 θας,
313 2945 433 3032 ἑταῖρε·
451 2948 500 3033 μι)
523 2949 596 3033 γάρ
619 2947 731 3033 ἡμεῖς
753 2950 950 3033 λεγόμεθα
968 2949 1132 3034 Κάστωρ
1155 2946 1219 3013 καὶ
1243 2949 1507 3033 Πολυδεύκης.

201 3047 324 3112 τούτου
354 3042 391 3110 δὲ
423 3043 682 3132 ἐπιμένοντος14)
712 3098 718 3110 .
747 3097 753 3110 .
783 3097 789 3109 .
823 3044 1031 3130 φθέγγονται
1060 3046 1161 3111 πάλιν
1193 3043 1271 3132 ciffi)
1303 3047 1508 3132 θεράποντες

199 3145 283 3230 πρὸς
305 3143 408 3209 αὐτὸν
430 3143 701 3229 ύπομειδιῶντες·
725 3142 844 3230 ἑταῖρε,
866 3148 902 3208 τί
921 3141 1177 3230 κατακράζειςῑθ)
1200 3142 1304 3228 ἡμῶν,
1326 3140 1382 3207 καί
1404 3151 1508 3208 ταῦτα

200 3243 296 3327 πρὸς
329 3241 426 3326 ἡμᾶς
462 3242 511 3326 μι)
546 3245 882 3329 παραγενόμενος,
916 3239 999 3306 ἀλλά
1030 3243 1113 3328 πρὸς
1144 3243 1268 3318 ἀλλους
1298 3239 1507 3319 ἀποσταλείς;

200 3338 311 3423 ἡμεῖς
334 3339 406 3423 γὰρ
430 3340 499 3404 οῦκ
523 3338 638 3425 ἐσμεν
661 3340 826 3426 Κάστωρ
854 3337 919 3404 καί
944 3340 1214 3422 Πολυδεύκης,
1237 3337 1321 3404 ἀλλά
1343 3336 1506 3424 coctast)

199 3440 347 3521 Χριστοῦ
371 3486 399 3500 ..
419 3435 631 3521 ,ὑπάρχομεν
648 3435 703 3502 καὶ
727 3441 767 3501 Κ.
790 3434 845 3502 καί
869 3442 910 3502 Δ.
933 3441 1163 3524 προσηγορίαν
1185 3435 1416 3523 κεκτήμεθαῑῧ)
1438 3442 1506 3502 κτλ.

200 3531 338 3597 Graecus
349 3533 547 3598 convertitur
556 3539 588 3598 et
602 3539 742 3599 sanatur.
757 3533 808 3598 Ex
818 3533 880 3598 hac
894 3535 1077 3600 narratione
1088 3535 1234 3618 sequitur
1247 3535 1401 3618 primum:
1412 3532 1506 3598 Grae

202 3652 256 3695 cos
280 3653 408 3715 quoquc
431 3635 610 3715 martyrum
634 3633 791 3717 templum
810 3634 989 3697 sanationis
1012 3631 1232 3716 impetrandae
1260 3653 1355 3696 causa
1381 3631 1506 3715 adiisse,

199 3727 349 3792 alterum:
374 3726 547 3793 Cosmam
570 3732 607 3792 et
626 3728 851 3795 Damianum
875 3731 920 3795 ab
944 3732 994 3795 iis
1018 3753 1086 3814 pro
1106 3729 1265 3795 Castore
1289 3734 1324 3792 et
1347 3728 1505 3794 Polluce

198 3823 353 3890 habitos
387 3845 479 3889 csse.
534 3824 692 3890 Attendas
725 3831 757 3891 et
790 3827 940 3893 cosmam
977 3829 1236 3911 Damianumque
1273 3831 1305 3891 et
1342 3825 1505 3891 Castorem

198 3920 427 4007 Pollucemque
458 3923 605 4009 geminos
633 3923 746 4011 fuisse3
779 3929 868 3991 artus
896 3926 998 4011 igitur
1028 3926 1113 3989 inter
1140 3945 1194 3989 eos
1222 3925 1409 3989 statuendus
1438 3947 1506 3989 esse

305 4150 382 4299 )ιιαλ
400 4151 572 4222 εὐεργετικὸν
591 4154 655 4208 add.
675 4153 759 4208 Vind.
842 4154 869 4223 2)
888 4150 1006 4222 ἀφίκετο
1025 4153 1108 4208 Vind.
1190 4156 1218 4224 3)
1236 4155 1329 4209 αἰετῶν
1348 4169 1400 4208 om.
1420 4153 1503 4208 Vind.

289 4156 302 4203 l

288 4235 305 4281 4

293 4310 318 4376 7)
338 4309 378 4371 εἰς
396 4317 478 4364 τοῦτο
497 4311 527 4365 τὸ
548 4311 670 4380 ἰατρεῖον
688 4312 772 4368 Vind.
869 4315 897 4382 8)
916 4310 1042 4382 ἰατρείαν
1060 4313 1144 4369 Vind.
1245 4316 1272 4385 9)
1290 4314 1330 4376 εἰς
1349 4330 1401 4368 om.
1421 4312 1504 4366 Vind.

272 4391 316 4458 10)
334 4397 384 4459 τῆς
401 4391 467 4458 post
483 4391 559 4461 θλιβ.
577 4391 661 4446 Vind.
778 4395 822 4463 11)
841 4392 1001 4457 πλειστάκις
1017 4395 1083 4463 post
1101 4392 1189 4465 ἀγίων
1207 4394 1290 4449 Vind.

272 4471 316 4537 12)
335 4467 432 4524 Vind.:
452 4478 552 4525 τοῦτον
570 4470 614 4524 W.
854 4476 898 4542 13)
917 4473 1014 4528 Vind.:
1033 4474 1104 4543 πρὸς
1122 4475 1210 4530 αἰτόν
1227 4474 1273 4527 W.

272 4551 318 4618 14)
336 4548 433 4603 Vind.:
452 4558 502 4604 τοῦ
521 4548 553 4604 δὲ
572 4549 766 4620 ἐπιμείναντος
784 4551 829 4608 W.
967 4557 1010 4624 15)
1029 4553 1106 4624 ἀγιοι
1124 4555 1189 4608 οῦδ.
1208 4553 1291 4608 Vind.

272 4629 316 4696 16)
335 4626 432 4680 Vind.:
451 4627 561 4696 κράζεις
579 4629 624 4685 W.
770 4634 815 4702 17)
831 4630 923 4701 Ἰησοῦ
943 4632 1007 4688 add.
1027 4633 1112 4687 Vind.

272 4709 316 4776 18)
333 4707 385 4776 τὴν
404 4706 595 4778 προσηγορίαν
613 4709 821 4780 ἐπικεκλήμεθα
840 4711 924 4767 Vind.

334 4229 421 4302 τούτῳ
441 4247 492 4284 om.
512 4231 597 4289 Vind.
742 4235 769 4303 5)
787 4233 924 4288 ἀπελθεῖν
942 4232 1025 4287 Vind.
1176 4236 1204 4304 6)
1223 4235 1402 4289 Πολυδεύκου
1420 4232 1503 4287 Vind.
