3550 5317
641 280 677 334 ad
694 279 888 334 laudationem
906 279 1093 350 Therapontis
1458 282 1522 346 119

307 445 413 509 Pauca
435 447 566 526 restant,
590 466 671 527 quae
694 445 734 508 ad
758 443 904 530 singulos
926 443 1014 510 loeoe
1037 444 1243 510 adnotentur:

310 542 418 626 11,10
445 540 499 606 καὶ
526 543 609 628 πρὸς
636 542 816 628 ὀλιγωρίαν
843 539 899 606 καὶ
931 544 1032 607 όκνον
1060 541 1224 627 ἐκκλίνας]
1256 542 1295 606 of.
1322 540 1522 626 Sophronias

218 641 288 704 mir.
305 640 347 704 32
370 663 401 724 p.
416 638 548 704 35290:
570 640 654 727 πρὸς
676 642 926 725 καταφρόνησιν
948 637 1002 704 καὶ
1027 640 1198 726 ρᾳθυμίαν
1221 638 1437 716 ἐκκλίναντες.

310 738 394 822 16,9
418 739 484 802 ὑπὸ
507 746 567 802 τοῦ
586 740 774 824 πρόσμονός
792 761 868 822 μου,
892 739 1007 821 φησίν,
1030 737 1127 825 ἐλαίῳ
1147 736 1340 821 ἀλείφθητι]
1364 739 1523 823 πρόσμων

218 835 303 900 idem
326 835 411 900 vaiet
434 839 531 919 atque
553 835 798 922 προσμονοίριος
817 831 874 921 (=
888 835 1133 918 mansionariae,
1157 834 1307 900 ecelesiae
1329 838 1446 918 ansteo,
1470 835 1523 900 Du

219 931 613 1019 Gange),amenologium
627 931 826 997 Basilianum
837 930 891 1018 (of.
900 955 931 1016 p.
943 931 1017 1019 104,
1026 931 1062 1020 2)
1076 932 1096 997 l.
1112 955 1149 997 a:
1164 930 1383 1017 ἐμφανισθεὶς
1396 932 1415 998 ό
1429 933 1523 1015 ἅγιος

219 1028 409 1117 (Θεράπων)
437 1040 481 1116 τῷ
505 1033 739 1117 προσμοναρίῳ
768 1030 870 1094 αὐτοῦ
899 1024 992 1095 εἶπεν
1019 1029 1107 1117 αὐτῷ
1135 1035 1203 1095 κτλ.
1244 1030 1283 1094 of.
1306 1051 1425 1094 nomen
1451 1051 1523 1112 pro

217 1127 324 1211 prium
348 1129 506 1214 Πόρμων,
525 1127 751 1192 Fiok-Beohtel
770 1126 823 1192 Gr.
841 1126 1122 1192 Personennamen
1144 1149 1175 1210 p.
1194 1125 1268 1190 205.
1300 1126 1523 1191 Krumbaoher

218 1228 343 1291 confert
365 1226 490 1290 ὃιοίκων
513 1247 572 1309 pro
597 1225 765 1308 διάκονος,
793 1226 926 1311 Πίνόαρ
954 1247 1013 1308 pro
1042 1226 1221 1311 Πίνδαρος.
1266 1223 1398 1289 Valides
1431 1225 1523 1288 disei-

216 1322 311 1408 pulus
335 1323 402 1388 eius
426 1323 592 1387 adnotavit
616 1321 753 1387 Graecos
776 1325 905 1387 nostrae
928 1323 1043 1387 aetatis
1066 1323 1243 1387 ineruditos
1269 1321 1396 1406 ἐτίμων
1419 1321 1522 1386 dioere

216 1442 275 1505 pro
300 1419 462 1504 ἐπίμονος.
500 1421 539 1484 ef.
557 1419 788 1504 Krumbaoher,
811 1420 926 1484 Kuhns
949 1419 1102 1485 Zeitsohr.
1122 1420 1164 1483 27
1184 1417 1312 1507 (1885),
1326 1417 1400 1484 538.

308 1518 393 1601 17‚3
417 1519 526 1604 ὥσπερ
554 1511 661 1605 κόλλῃι
684 1541 751 1583 τινι
774 1518 1041 1602 σνμπεφνκνίας]
1070 1518 1108 1583 of.
1133 1516 1290 1601 Sophron.
1314 1515 1368 1600 46,
1382 1515 1520 1582 359613:

218 1617 261 1692 ὡς
284 1613 349 1680 ἀπὸ
374 1613 495 1699 κόλλης
517 1616 608 1692 τινὸς
631 1613 870 1702 προσηλωμένα
893 1616 933 1680 τὰ
955 1613 1114 1699 βλέφαρα.

307 1710 383 1796 19,5
403 1710 599 1799 ἐξκονβίτωρ
614 1713 740 1798 ὑπῆρχε
758 1715 796 1778 τὸ
815 1712 1013 1799 στράτευμα]
1029 1713 1214 1799 στράτευμα
1229 1712 1521 1777 =‘Militarisoher

215 1810 351 1893 Dienst'‚
374 1811 609 1875 Krambaoher.‘
627 1813 826 1897 στρόταμμα,
845 1810 932 1895 quod
949 1810 1081 1894 praebet
1099 1809 1138 1895 Α,
1157 1832 1253 1893 quam
1272 1811 1365 1876 faoile
1388 1833 1405 1874 e
1424 1811 1521 1897 στρό-

215 1931 318 1992 τευμα
340 1909 438 1973 fluere
460 1909 611 1992 potuerit,
634 1931 673 1976 ex
696 1910 774 1994 ipsis
798 1908 916 1973 oodiois
939 1907 974 1972 M
996 1907 1114 1973 litteris
1138 1908 1249 1973 elucet.
1608 1910 1613 1919 '

305 2004 391 2088 25,6
415 2007 542 2092 μακρὸν
566 2007 608 2071 ἂν
636 2013 685 2091 είη
708 2009 790 2072 κατὰ
812 2007 871 2071 τὸν
895 2003 1043 2092 παρόντα
1071 2007 1190 2091 καιρὸν
1217 2006 1456 2090 διηγήσασθαι]
1481 2008 1520 2071 cf.

216 2101 330 2186 Sophr.
349 2101 402 2185 51,
416 2101 553 2168 3616A:
576 2106 703 2190 μακρὸν
726 2104 768 2170 ἂν
792 2110 841 2187 εἴη
864 2101 939 2168 καθ’
967 2103 1005 2167 ἓν
1028 2103 1260 2187 διηγήσασθαι.

304 2200 413 2283 2212
437 2201 497 2266 τὸν
519 2203 687 2266 ἄπλαστον
710 2203 770 2284 τὴν
797 2201 929 2284 κακίαν]
955 2200 1202 2284 Exspectaveris
1230 2201 1334 2265 inesse
1357 2201 1521 2284 ‘improbi-

217 2302 284 2364 tate
305 2320 371 2363 non
394 2299 565 2364 affeetum'.
604 2298 686 2364 Sunt
709 2302 816 2364 tamen
839 2321 921 2383 quae
943 2298 1085 2363 obstent:
1109 2299 1174 2363 sint
1197 2297 1253 2362 alii
1276 2298 1443 2364 feliciores.
