3550 5317
637 323 678 378 De
696 323 876 380 incubatione
896 325 1058 382 christiana.
1434 331 1497 396 103

194 487 327 572 vulgata
355 509 373 550 a
403 485 525 552 Basilio
557 488 651 552 nobis
686 488 883 574 referuntur,
912 489 1044 554 damase
1074 490 1138 554 iam
1174 492 1341 557 adnotavit
1367 493 1497 576 Lipsius

195 585 256 648 Die
285 586 395 669 apokr.
424 584 666 671 Apostelgesch.
691 590 748 650 etc.
776 611 806 672 p.
825 587 901 652 432.
947 586 1017 664 Qua
1044 592 1151 652 tamen
1181 589 1215 653 in
1242 613 1277 653 re
1309 591 1497 674 explicanda

194 682 351 746 Zahnium
380 683 470 768 sequi
499 683 580 748 velle
607 684 747 768 videtur,
775 685 830 767 qui
859 684 962 772 (dou.
991 684 1051 770 gel.
1079 684 1158 751 Ana.
1184 687 1314 771 18Ἰ7,2
1343 710 1374 770 p.
1395 686 1496 774 1293)

194 781 273 844 haec
295 782 430 864 profert:
454 781 534 859 „Die
558 783 601 846 ιὀι
626 783 851 848 Tbeblubloster
874 784 921 848 bei
944 781 1082 848 Sdeucio
1104 784 1140 848 ι’τι
1158 784 1392 868 Εννιοιιροίιινρ
1414 786 1497 851 eines

194 879 374 945 osteaslbleu
399 875 503 945 Grubs
525 882 580 945 der
599 879 745 962 Ηοδιροιι
767 881 925 946 erdlcbtete
941 881 1040 945 Fobel
1062 902 1121 946 νον
1139 882 1238 946 utrem
1261 882 1498 948 Verscbwludea

194 978 239 1040 ι’νι
262 979 402 1060 dortipeu
423 977 548 1057 Falsus,
571 978 679 1042 welche
700 999 758 1043 ναν
784 978 854 1043 Zeu
874 979 962 1060 janes
990 977 1135 1044 Basilius
1161 1001 1224 1044 ιιιιν
1250 985 1313 1045 urst
1338 980 1497 1045 mriudlc'cb

193 1075 321 1156 νοτίδι]ῃ
340 1097 365 1138 e.
385 1097 413 1157 q.
434 1097 457 1139 s.
494 1074 563 1140 Nos
582 1097 658 1139 vero
678 1098 750 1139 cum
770 1075 921 1140 Theclam
940 1076 1104 1141 daemonis
1123 1077 1269 1142 ehthonii
1288 1099 1357 1142 esse
1376 1072 1498 1142 sucees-

195 1193 300 1236 sorem
324 1173 535 1237 christianum
559 1173 819 1258 cognoverimus,
842 1197 907 1237 non
930 1174 1121 1237 mirabimur
1148 1175 1235 1258 qnod
1262 1176 1373 1239 eodem
1400 1175 1496 1239 modo

194 1270 332 1334 moritur
356 1274 466 1335 sancta
493 1271 549 1335 illa
579 1271 630 1335 vel
659 1271 768 1355 potins
796 1273 978 1335 removetur
1009 1271 1068 1335 snb
1096 1275 1228 1357 terram,
1256 1294 1319 1355 qno
1350 1273 1496 1337 ehthonii

194 1367 388 1432 Graecorum
418 1369 469 1433 dei
499 1370 534 1432 in
563 1369 710 1433 homines
738 1369 881 1432 conversi
909 1369 995 1454 apud
1024 1369 1132 1452 epicos
1162 1369 1355 1434 Graecorum
1384 1374 1496 1454 poetas

193 1469 330 1531 mortem
353 1470 512 1551 oppetunt
534 1465 586 1531 vel
609 1466 718 1549 potius
742 1467 781 1530 ad
804 1471 932 1530 aeterne
955 1467 1128 1532 vivendum
1155 1472 1259 1531 terrae
1286 1468 1425 1532 subeunt
1448 1492 1498 1532 ca-

193 1586 316 1628 vernas.
361 1564 425 1627 Pro
449 1564 560 1628 multis
585 1563 624 1628 de
647 1562 844 1648 Amphiarao
872 1568 1000 1629 tanturn
1026 1565 1182 1629 nonnulla
1209 1566 1352 1630 afferam:
1380 1575 1422 1649 γῆ
1446 1564 1497 1631 λε’-
1595 1627 1601 1635 ,

193 1686 284 1745 yetus
304 1663 501 1746 διασχεῖν,
516 1663 560 1738 ὡς
573 1663 823 1746 μαντεύοιτο...
837 1661 892 1727 καὶ
906 1663 1068 1746 diabulos
1082 1662 1235 1740 Philostr.
1249 1663 1344 1748 imag.
1353 1661 1369 1726 I
1378 1664 1430 1726 27.
1448 1688 1498 1729 κε-

193 1758 569 1846 ραυνωθεὶς..ιιατέδν
584 1811 607 1823 ..
623 1757 660 1824 ἐν
678 1767 724 1848 τῷ
737 1755 876 1848 Ὠρωπῷ
898 1748 996 1825 schol.
1016 1760 1106 1824 Pind.
1117 1759 1166 1824 Ol.
1176 1758 1224 1826 VI
1233 1761 1285 1825 21.
1305 1761 1497 1826 διαστᾶσα

192 1857 268 1940 tyr)
289 1856 419 1936 ἐδέξατο
437 1908 444 1922 .
460 1909 466 1921 .
481 1858 518 1922 ἐν
532 1855 669 1946 Ὠρωπῷ
689 1857 731 1922 ib.
753 1858 802 1922 18.
840 1856 988 1940 λέγεται.
1005 1907 1012 1921 .
1027 1859 1187 1941 φεύγοντι
1212 1857 1247 1922 ἐκ
1267 1862 1389 1942 Θηβῶν
1410 1860 1496 1923 δια-

193 1963 331 2037 στῆναι
363 1956 424 2038 τὴν
455 1964 527 2039 γῆν
560 1955 652 2020 Paus.
678 1953 694 2018 I
717 1955 769 2039 34,
788 1956 818 2020 2.
863 1954 993 2032 ἐδέξατο
1030 1954 1193 2040 §opsloe
1235 1959 1364 2039 Θηβαία
1403 1960 1497 2032 κόνις

194 2052 342 2136 Sophocl.
367 2075 416 2136 ap.
437 2051 541 2116 Strab.
560 2051 606 2116 IX
627 2054 655 2137 1,
670 2053 712 2116 22
733 2076 763 2136 p.
777 2053 851 2117 399.
879 2054 949 2129 δὺς
976 2055 1058 2117 κατὰ
1086 2052 1170 2136 [τῆς]
1198 2062 1258 2136 γῆς
1280 2050 1414 2118 Aristid.
1428 2058 1451 2117 t.
1465 2052 1497 2117 H

192 2173 222 2234 p.
234 2151 285 2233 88,
295 2150 338 2215 29
352 2149 443 2235 Keil,
460 2150 512 2215 vel
526 2152 587 2215 hoe
606 2151 644 2215 de
663 2149 862 2234 Trophonio:
881 2153 1045 2234 σπήλαιον
1060 2202 1067 2214 .
1083 2150 1289 2215 ,ὑπελθών
1308 2150 1406 2214 schol.
1421 2150 1496 2215 Luc.

193 2247 265 2312 dial.
280 2251 373 2312 mort.
388 2247 446 2311 31.
485 2247 572 2323 Quae
587 2269 659 2312 cum
673 2249 817 2312 conferas
837 2271 910 2312 oum
923 2247 1036 2312 Basilii
1055 2247 1247 2332 narratione,
1266 2269 1372 2312 nonne
1394 2249 1497 2312 elucet

194 2344 438 2409 similitudinem
470 2345 574 2409 inesse
605 2346 800 2410 maximam?
844 2345 958 2430 Itaque
986 2348 1128 2409 sanctam
1160 2344 1312 2410 Theclam
1339 2351 1496 2410 remotam

191 2447 386 2527 putaverunt
409 2444 468 2507 sub
492 2447 619 2528 terram,
643 2443 699 2508 ubi
721 2444 844 2508 viveret
866 2448 962 2526 atque
981 2444 1161 2507 curationes
1180 2443 1355 2528 praeberet.
1388 2443 1495 2527 Atque

192 2542 275 2606 sicut
298 2542 526 2606 ehthoniorum
549 2542 682 2606 deorum
700 2545 827 2606 antrum
848 2541 940 2625 quasi
959 2540 1158 2606 domicilium
1178 2563 1287 2605 eorum
1308 2543 1495 2628 habebatur,

191 2640 247 2704 ubi
270 2642 483 2726 versarentur,
506 2662 638 2724 prorsus
662 2640 772 2704 eodem
795 2640 891 2703 modo
915 2639 1034 2704 Thecla
1061 2640 1096 2703 in
1123 2644 1216 2703 antro
1245 2640 1383 2724 quodam
1406 2641 1496 2705 habi-

191 2744 258 2804 tare
286 2738 482 2803 credebatur.
512 2739 550 2802 cf.
576 2738 726 2822 21,196;
755 2749 819 2814 πᾶς
848 2747 934 2820 γοῦν
963 2738 981 2803 ὁ
1012 2739 1059 2813 εἰς
1088 2738 1174 2802 νεὼν
1202 2738 1347 2819 βαδίζων
1375 2761 1411 2802 τε
1440 2738 1495 2804 καὶ

192 2836 367 2920 εὐχόμενος
391 2835 514 2911 εὐθὺς
536 2833 591 2900 καὶ
615 2834 663 2900 ἐτ’
692 2834 798 2901 ἐκεῖνο
822 2834 951 2921 τρέχει
980 2837 1016 2900 τὸ
1041 2838 1203 2922 ἄντρον,
1231 2837 1275 2912 ὡς
1298 2834 1340 2900 δν
1362 2835 1417 2901 καὶ
1441 2836 1498 2902 ἐπί

191 2959 265 2998 τινα
288 2935 551 3012 κοιτωνίσιιον
574 2934 692 2997 λοιπὸν
714 2930 768 2996 καὶ
791 2933 974 3016 θάλαμον
997 2934 1114 2999 ἔνδον
1142 2935 1281 3018 ἔχοντα
1307 2935 1378 3017 τὴν
1399 2956 1494 3019 τιαρ-

190 3029 321 3096 θένον.
354 3027 435 3114 φασὶ
468 3034 527 3095 καί
555 3054 643 3108 τινες
674 3032 718 3096 τὰ
754 3034 917 3095 πλεῖστα
948 3028 1003 3095 καὶ
1040 3030 1082 3096 ἐν
1113 3031 1238 3119 τούτῳ
1272 3032 1495 3118 διατρίβειν

191 3126 356 3215 αὐτήνῑ).
402 3127 524 3203 Quibus
548 3129 688 3213 cognitis
711 3128 799 3192 illius
828 3149 954 3210 quoque
981 3128 1132 3211 martyris
1159 3128 1353 3193 christianae
1379 3133 1495 3193 natura

191 3231 410 3310 quantumque
434 3249 452 3289 a
474 3230 619 3291 veterum
646 3248 845 3312 paganorum
875 3224 1127 3311 cogitationibus
1153 3227 1291 3310 pendeat
1318 3226 1395 3290 satis
1423 3249 1494 3310 per-

191 3325 332 3409 spicitur.
378 3323 462 3387 lllud
494 3327 636 3408 tantum,
669 3323 755 3407 quod
784 3324 870 3388 haud
900 3324 991 3406 parui
1020 3324 1147 3388 videtur
1175 3324 1344 3409 momenti,
1379 3325 1494 3389 acriter

191 3422 288 3486 velim
321 3421 517 3485 attendatur:
546 3421 654 3485 omnia
683 3444 702 3483 a
728 3421 851 3485 Basilio
883 3421 983 3485 relata
1009 3443 1076 3485 non
1106 3421 1225 3486 litteris
1256 3422 1318 3486 niti
1350 3423 1406 3486 sed
1437 3445 1494 3506 per

191 3519 297 3602 ipsum
327 3519 458 3602 vulgata
487 3519 586 3584 brisso
615 3519 784 3604 populum,
813 3520 868 3602 qui
896 3520 929 3583 in
960 3519 1116 3585 eiusmodi
1145 3520 1240 3584 rebus
1268 3520 1394 3584 fidelius
1421 3541 1494 3584 eon-

190 3619 295 3680 servat
318 3616 459 3699 antiqua.

707 3775 736 3840 5.
764 3775 974 3861 Therapon.

280 3891 435 3968 Quintum
472 3893 696 3979 subiungimus
734 3892 847 3957 ceteris
885 3893 1004 3957 sanctis
1041 3891 1292 3977 Therapontem,
1328 3893 1492 3958 hominem

189 4010 308 4052 novum
332 3994 428 4074 atque
450 3991 504 4075 iis,
533 3990 588 4074 qui
618 3991 656 4053 de
686 3990 891 4055 incubatione
918 3993 1054 4076 egerunt
1079 4011 1211 4074 prorsus
1240 3991 1397 4076 ignotum.
1442 3992 1492 4057 De

189 4087 257 4151 vita
280 4086 347 4150 eins
370 4110 435 4152 non
457 4089 520 4153 nisi
542 4110 644 4173 pauca
667 4086 862 4175 constantl),
885 4109 1078 4170 quamquam
1107 4088 1243 4152 encomii
1270 4093 1382 4155 auctor
1404 4113 1492 4175 prae

189 4184 336 4248 tereundi
358 4186 462 4250 forma
489 4208 565 4250 usus
593 4185 731 4271 patriam
759 4207 859 4272 genus
886 4186 973 4249 facta
998 4185 1095 4249 huius
1122 4186 1273 4271 martyris
1301 4188 1379 4251 adeo
1407 4188 1492 4251 inter

279 4379 305 4448 1)
324 4376 385 4441 Qua
403 4394 466 4430 cnm
483 4393 513 4431 re
533 4377 725 4446 aliquomodo
740 4378 887 4434 cohaerere
901 4377 1038 4447 videntur,
1054 4395 1126 4446 quae
1141 4378 1176 4434 de
1189 4378 1254 4433 viva
1268 4378 1360 4433 adhuc
1373 4395 1490 4432 narran-

189 4461 236 4513 tur
254 4457 371 4524 Theola,
394 4457 424 4511 in
443 4459 523 4512 antro
547 4457 654 4514 scilicet
677 4475 739 4514 eam
761 4457 907 4513 habitasse
929 4474 1016 4528 prope
1040 4457 1208 4528 Seleuciam,
1227 4477 1251 4512 v.
1270 4458 1343 4512 Acta
1360 4457 1442 4510 Pauli
1461 4460 1491 4512 et

188 4538 309 4593 Theclae
324 4538 383 4591 cod.
399 4537 429 4590 M
441 4556 468 4607 p.
479 4543 584 4611 acesto.
604 4539 682 4594 ABG
700 4558 727 4608 p.
743 4544 803 4593 270.
817 4537 855 4592 ib.
872 4555 894 4593 o.
905 4543 999 4607 45,10.
1019 4537 1079 4608 Gp.
1091 4545 1151 4594 271.
1171 4539 1238 4593 sim.
1249 4537 1387 4607 Metaphr.
1398 4556 1425 4606 p.
1436 4543 1489 4592 284

277 4621 303 4688 2)
322 4637 345 4673 v.
370 4617 502 4687 anonymi
529 4618 686 4674 encomium
712 4619 743 4672 in
775 4617 865 4673 sancti
892 4618 1102 4688 hieromartyris
1131 4617 1317 4687 Therapontis
1353 4616 1489 4672 miracula

187 4716 214 4768 p.
231 4703 350 4767 lllsqq.
371 4697 487 4753 anobis
505 4697 565 4754 edit
615 4744 620 4754 .
