3550 5317
659 339 700 392 De
719 337 900 392 incubatione
919 337 1080 393 christiana.
1456 338 1518 402 107

217 502 315 566 fuisse
331 501 449 566 dieitur
467 523 562 586 quem
577 499 719 566 Ἐλαιών
737 499 990 588 appellabant¹);
1008 504 1116 565 tamen
1134 500 1188 564 vix
1206 501 1374 585 probabile
1394 500 1521 566 videtur

217 601 252 664 in
274 600 362 664 illius
391 601 537 665 suburbii
565 621 689 664 sacrum
720 600 855 662 missum
884 621 953 663 esse
980 597 1156 663 Florinum.
1201 597 1304 664 Immo
1333 599 1361 663 is
1392 622 1519 683 quoque

214 696 372 782 Deiparae
400 699 571 784 εὐκτηριος
600 693 689 773 οἶκος
716 696 802 761 haud
829 696 943 781 procul
971 720 990 762 a
1019 696 1234 781 Therapontis
1261 696 1382 781 templo
1410 696 1521 760 abesse

215 796 336 880 potuit:
368 796 504 861 fortasse
537 797 571 862 in
602 795 673 879 ipso
706 794 864 879 Deiparae
895 793 1140 859 Blaohernensis
1178 815 1267 859 sacro
1304 803 1361 877 τῆς
1388 792 1521 870 Ἐλαίας

215 895 406 979 cognomine
429 897 548 958 eertum
572 892 731 978 quandam
755 893 796 957 ob
820 915 948 957 oausam
971 892 1080 957 addito
1104 891 1279 957 collocatus
1302 895 1378 957 erat.

302 991 378 1057 Non
396 991 516 1056 nullius
535 991 691 1056 momenti
710 1013 778 1054 esse
796 989 932 1073 videtur,
952 991 1038 1074 quod
1056 1012 1155 1073 prope
1174 989 1368 1054 Blachernas
1388 988 1521 1055 Cosmae

215 1094 248 1153 et
280 1089 430 1154 Damiani
463 1111 590 1173 quoque
623 1087 865 1154 celeberrimum
904 1087 984 1151 illud
1022 1087 1168 1152 exstabat
1204 1099 1345 1171 suorum,
1382 1088 1420 1152 de
1456 1111 1520 1172 quo

215 1210 246 1270 p.
263 1187 305 1251 70
315 1210 383 1272 sqq.
405 1187 541 1275 egimus.
565 1187 605 1252 of.
624 1207 856 1272 anargyrorum
874 1185 1064 1251 miraoulum
1086 1186 1126 1249 18
1145 1209 1175 1269 p.
1189 1185 1256 1251 424
1274 1184 1426 1270 Wangn.:
1449 1208 1521 1270 pae

217 1284 361 1371 dagogus
385 1285 515 1369 quidam
538 1285 657 1350 sanetis
680 1283 860 1367 maledixit,
883 1281 938 1348 καὶ
967 1282 1077 1360 ἁπλῶς
1103 1292 1242 1348 τοιαῦτα
1268 1281 1322 1348 καὶ
1351 1285 1521 1370 δεινότερα

214 1384 343 1449 τούτων
376 1385 479 1450 εἰπὼν
512 1383 567 1449 καὶ
598 1379 803 1468 ἐνθυμηθεὶς
833 1389 891 1464 τῆς
922 1379 977 1446 ἐπὶ
1002 1381 1067 1464 τδρ)
1095 1383 1201 1446 πόλιν
1230 1378 1331 1467 τίνα’)
1358 1380 1520 1446 ἐντεῦθεν

215 1487 319 1565 είχετο
344 1483 545 1567 ὁδοιπορίας.
568 1481 732 1547 εἰσελθὼν
756 1476 793 1543 δὲ
815 1476 870 1543 καὶ
894 1480 978 1544 κατδ
1000 1477 1150 1565 ποίροδον
1179 1477 1283 1566 ἐντῷ
1308 1488 1415 1566 σεπτῷ
1440 1485 1520 1566 οίκςο

213 1586 271 1661 τῆς
294 1578 389 1661 ἁγίας
412 1577 550 1657 ἐνδόξου
579 1575 762 1664 Παρθένου
790 1574 845 1641 καὶ
870 1579 1036 1642 Θεοτόκου
1064 1578 1199 1662 Μαρίας
1225 1583 1270 1664 τῷ
1298 1574 1519 1663 ἐπιλεγομένῳ

214 1673 250 1739 ἐν
274 1674 478 1759 Βλαχέρναις
500 1681 567 1741 κτλ.
610 1675 710 1739 Putat
733 1674 878 1738 Dehm'us
899 1673 933 1761 (l
953 1671 991 1760 a.)
1015 1674 1217 1757 ,Anarpyros
1234 1673 1394 1756 Depone
1412 1674 1521 1756 templo

212 1773 329 1838 υιείιιοε
356 1778 446 1854 atque
472 1775 548 1839 odeo
571 1774 607 1838 ι’νι
633 1774 701 1856 ipso
728 1773 782 1837 illo
809 1772 1058 1837 Blachernorum
1084 1772 1229 1836 suburbio
1256 1773 1380 1854 fuisset
1427 1771 1520 1836 Certe

213 1870 276 1934 fuit
298 1870 486 1936 Blachemis
511 1869 643 1937 Oosmae
667 1875 699 1935 et
717 1868 867 1934 Damiani
887 1891 1021 1955 suorum,
1040 1870 1079 1934 of.
1099 1867 1214 1935 Chron.
1233 1868 1345 1937 Pasoh.
1364 1893 1395 1954 p.
1411 1870 1519 1954 713,9
1641 1896 1644 1902 ¹

214 1969 260 2032 ed.
279 1969 395 2034 Bonn.:
419 1971 580 2053 εἰσηλθαν
604 1967 640 2035 δὲ
665 1968 721 2056 (so.
741 1965 877 2054 Avares)
900 1965 955 2033 καὶ
979 1970 1026 2045 είς
1048 1970 1128 2044 τοὺς
1151 1966 1268 2050 ἁγίους
1291 1971 1331 2032 Κ.
1350 1966 1405 2032 καὶ
1424 1974 1465 2032 Δ.
1483 1968 1520 2033 ἐν

214 2065 432 2152 Βλαχέρναις,
466 2067 518 2131 vel
546 2068 588 2130 ib.
612 2091 642 2151 p.
663 2066 807 2150 725,18:
835 2069 980 2130 ἔκαυσαν
1012 2060 1050 2129 δὲ
1077 2062 1132 2129 καὶ
1159 2065 1219 2147 την
1253 2064 1428 2148 ἐκκλησίαν
1453 2075 1521 2130 τῶν

214 2163 318 2245 ἁγίαν
341 2168 381 2228 K.
404 2163 459 2229 καὶ
482 2171 523 2229 Δ.
548 2164 584 2230 ἐν
606 2162 809 2250 Βλαχέρυαις
832 2161 886 2228 καὶ
914 2164 976 2246 την
1004 2162 1181 2245 ἐκκλησίαν
1208 2171 1268 2226 τοῦ
1295 2160 1393 2244 ἁγίου
1416 2165 1520 2226 Νικο-

213 2261 296 2325 λοίου
322 2259 378 2325 καὶ
408 2262 468 2327 ὅλα
496 2263 536 2326 τδι
565 2260 667 2348 πέριξ.
713 2260 787 2325 Alia
817 2260 889 2325 vide
920 2260 1005 2345 apud
1035 2259 1239 2345 Duoangium
1268 2258 1379 2344 Cpolis
1410 2259 1518 2324 ohrist.

211 2357 258 2422 IV
279 2357 330 2443 15,
346 2359 388 2422 10
406 2382 436 2442 p.
454 2356 544 2423 12an
595 2358 708 2424 Altera
735 2363 843 2422 tamen
870 2358 998 2422 videtur
1030 2379 1099 2422 esse
1132 2356 1265 2421 eeclesia
1297 2379 1393 2441 quam
1421 2357 1520 2440 impe

215 2459 321 2521 ratore
345 2456 526 2522 Theodosio
555 2455 684 2522 Iuniore
708 2454 892 2543 (408-50)
921 2455 1076 2520 Paulinus
1105 2455 1259 2540 magister
1286 2455 1519 2520 exaedificavit:

213 2553 249 2630 ὃς
272 2551 329 2640 (se.
348 2552 517 2641 Paulinus)
541 2553 596 2619 καὶ
619 2554 773 2640 ἀνήγειρε
796 2556 856 2620 τὸν
875 2555 958 2618 ναὸν
980 2563 1048 2618 τῶν
1066 2552 1173 2636 ἁγίων
1191 2552 1389 2639 ἀναργύρων
1408 2552 1519 2618 Codin.

213 2651 251 2716 de
269 2652 362 2716 aedil.
381 2676 411 2736 p.
433 2653 564 2737 111,10
587 2653 634 2718 ed.
653 2653 755 2717 Bonn.
780 2649 833 2738 (of.
853 2652 895 2716 ib.
913 2652 986 2737 112,
997 2648 1062 2737 12).
1108 2649 1193 2715 Nam
1216 2655 1308 2716 extra
1324 2650 1520 2716 Blaohemas
1584 2648 1587 2652 ’

213 2770 283 2812 eam
307 2750 402 2814 sitam
425 2750 525 2814 fuisse
548 2773 565 2814 e
590 2749 732 2815 Cedreno
756 2751 872 2837 olueet3
896 2751 1005 2836 agitur
1028 2750 1066 2814 de
1090 2749 1214 2814 Thomu
1243 2749 1299 2832 qui
1326 2749 1520 2833 imperatore

211 2844 368 2910 Miohaele
391 2845 504 2912 Altero
528 2846 712 2935 (sao-29)
738 2847 1051 2932 Constantinopolim
1081 2869 1264 2932 expugnare
1297 2851 1431 2912 conatus
1458 2851 1519 2912 est:

214 2944 426 3028 παρεμβολὴν
442 2944 479 3009 έν
492 2955 562 3021 τοῖς
576 2949 762 3029 Παυλίνου,
777 2949 862 3012 ἔνθα
879 2947 917 3011 τὸ
937 2956 1003 3011 τῶν
1021 2951 1291 3031 θαυματουργῶν
1304 2944 1520 3031 Ἀυαργύριον

214 3038 349 3125 τέμενος
363 3043 506 3126 ἵδρυται,
525 3042 651 3129 ὀχυρὰν
666 3040 804 3127 ἐπήξατο
819 3041 856 3129 (t.
866 3041 938 3127 Hp.
949 3043 1002 3128 81,
1012 3046 1031 3109 8
1041 3043 1089 3107 ed.
1097 3040 1225 3129 Bonn.),
1239 3043 1429 3126 quibuscum
1448 3064 1520 3108 oon-

210 3138 294 3202 feras
317 3162 348 3222 p.
369 3140 420 3224 82,
434 3140 469 3204 4:
493 3142 575 3205 κατδ
596 3142 675 3217 τοὺς
697 3152 764 3206 τῶν
787 3145 987 3227 Βλαχερνῶν
1009 3141 1160 3226 πύργους
1178 3140 1320 3207 ἐποιεῖτο
1339 3142 1400 3225 τὴν
1417 3159 1518 3227 προσ-

212 3237 324 3319 βολήν.
370 3226 484 3321 ltaque
506 3241 658 3322 putamus
681 3238 743 3302 hoo
765 3237 903 3303 alterum
932 3260 1164 3324 anargyrorum
1193 3259 1319 3303 eaerum
1341 3262 1361 3303 a
1382 3238 1518 3303 Paulino

212 3337 409 3398 exstructum
436 3336 476 3399 ab
506 3335 562 3400 illo
590 3335 819 3401 Blachemensi
847 3359 917 3402 esse
951 3335 1222 3422 distinguendum.
1268 3336 1338 3414 Qua
1361 3337 1400 3402 de
1422 3360 1456 3401 re
1478 3360 1519 3403 ne

212 3429 353 3515 dubites,
390 3431 487 3495 etiam
519 3432 599 3497 alias
633 3432 767 3498 Cosmae
800 3438 832 3498 et
868 3434 1020 3499 Damiani
1057 3433 1206 3499 eeclesias
1239 3433 1519 3519 Constantinopoli

213 3529 374 3592 exstitisse
402 3529 594 3594 memineris.
640 3529 694 3595 sie
721 3531 895 3596 Theodosii
923 3531 1058 3597 Minoris
1091 3535 1196 3597 aetate
1227 3555 1246 3595 a
1273 3532 1388 3596 Proelo
1421 3533 1519 3616 patri-

211 3626 307 3690 archa
332 3627 366 3691 in
388 3626 571 3714 Zeugmate,
595 3651 676 3712 quae
696 3633 744 3694 est
762 3617 868 3694 litoris
892 3629 982 3715 regio
1002 3629 1150 3694 Galatam
1172 3651 1282 3693 versus
1301 3627 1406 3716 sita3),
1429 3652 1519 3692 anar-

211 3744 366 3808 gyrorum
389 3745 514 3788 sacrum
538 3726 702 3791 eonditum
727 3725 817 3814 est4).
848 3725 949 3792 Aliud
968 3728 1141 3793 eorundem
1160 3730 1344 3792 sanctorum
1362 3727 1518 3812 templum

210 3821 247 3886 ἐν
271 3832 341 3899 τοῖς
360 3826 565 3889 Βασιλίσκου
583 3824 614 3889 h.
634 3847 659 3888 e.
677 3847 777 3910 prope
791 3825 948 3910 templum
965 3848 988 3891 s.
1004 3822 1175 3911 Sophiae⁵)
1195 3847 1214 3888 a
1231 3822 1413 3890 Iustiniano
1436 3825 1519 3889 aedi·

211 3973 423 3984 -ι---....

303 4071 329 4136 1)
345 4066 391 4121 Du
410 4069 503 4140 Gange
521 4069 615 4139 Cpolis
635 4071 789 4126 christiana
807 4072 846 4126 IV
860 4078 885 4141 9,
902 4075 936 4125 17
954 4089 980 4140 p.
998 4077 1064 4126 115⁸
1083 4071 1295 4143 (Venet1729).

253 4146 390 4281 xxipoSlio
409 4150 511 4218 codex,
534 4151 585 4220 τὴν
608 4153 695 4207 αὐτοῦ
719 4152 854 4222 Wangn.,
879 4167 962 4221 quem
985 4153 1061 4207 reete
1084 4150 1219 4206 refutavit
1241 4151 1367 4206 Dehnius
1389 4152 1420 4207 in
1442 4151 1517 4207 notis

210 4244 237 4296 p.
369 4270 375 4282 .

266 4386 276 4439 l
300 4306 380 4440 apstuli.
400 4307 527 4363 tabulam
546 4310 621 4380 apud
645 4312 872 4366 Mordtmannum
896 4312 1029 4382 Esquisso
1054 4312 1281 4382 topographique
1304 4313 1340 4367 de
1358 4311 1517 4367 Constanti-

209 4402 265 4456 ¹¹01)
278 4403 325 4535 e4)
344 4393 516 4538 oiedltgldivtor
531 4467 693 4541 Ἀνοίργυροι
712 4473 739 4526 ol
754 4472 784 4528 έν
802 4477 840 4545 τῷ
857 4472 994 4542 Zoippum
1008 4470 1085 4541 παρὰ
1100 4470 1230 4542 Πρόκλου
1244 4471 1418 4542 πατριάρχου
1436 4477 1516 4526 Κων-

209 4546 461 4611 σταντινουπόλεως
481 4593 485 4602 .
508 4593 513 4603 .
534 4593 540 4604 .
560 4548 729 4621 ἐκτίσθησαν
748 4551 779 4606 ἐν
797 4561 856 4616 τοῖς
873 4549 986 4622 χρόνοις
1006 4551 1160 4609 Θεοδοσίου
1178 4561 1230 4629 τοία
1246 4559 1345 4621 μικροῦ
1365 4550 1460 4607 Codin.
1481 4552 1516 4608 de

210 4626 293 4681 aedis.
308 4647 335 4696 p.
352 4633 440 4695 93,15
459 4629 502 4682 ed.
521 4630 609 4686 Bonn.

299 4711 325 4778 5)
344 4707 378 4762 of.
398 4708 580 4765 Mordtmann
599 4710 684 4780 Esqu.
704 4714 812 4783 topogr.
833 4718 916 4779 §117
930 4731 957 4782 p.
973 4710 1034 4768 libb.
