3550 5317
270 294 312 357 10
855 295 946 364 Caput
963 297 983 349 1,

269 456 336 520 eius
360 458 632 542 commisceretur3
656 458 765 541 itaque
793 457 965 521 credebant
991 458 1095 541 ipsam
1123 462 1263 523 statuam
1291 460 1468 524 vaticinari.
1516 460 1570 526 Sic

266 554 300 617 in
320 553 417 620 schol.
432 554 517 618 Pers.
538 559 595 619 sat.
614 553 646 619 Π
665 554 708 620 56
731 554 881 639 legimus:
904 556 1030 640 ,Αονοκ
1057 558 1154 621 trudit
1175 558 1257 638 ηκοιῐ
1278 558 1314 621 iu
1329 559 1455 639 porticu
1476 580 1569 640 quoa-

266 654 340 717 dom
363 652 522 734 Apollinis
545 652 692 717 Palatini
716 654 835 735 fuerim
856 653 887 717 L
909 652 1097 718 Danaidum
1118 655 1245 737 effipia,
1268 660 1297 719 el
1313 660 1421 719 conto
1438 676 1491 720 eos
1513 656 1569 721 sot

265 750 335 813 oliuo
358 750 482 815 tolidem
508 755 657 831 equestres
683 750 821 833 liliorum
847 750 988 833 Aepypli.
1016 772 1054 815 eo
1079 751 1122 815 iis
1149 757 1252 816 οαύινι
1278 753 1391 817 statuis
1417 754 1570 834 ηκαιύονκ

266 847 443 911 dicebantur
469 847 697 929 postulantibus
722 868 789 929 per
822 868 989 912 εονικανκ
1022 849 1111 912 dure
1145 849 1326 914 oraculo.“
1377 847 1416 912 In
1445 848 1569 915 Troade

266 944 454 1009 divinabant
477 947 602 1008 statuae
624 942 786 1028 Neryliini
811 942 1032 1031 (χρηματίζειν
1050 943 1106 1009 καλ
1129 948 1245 1011 ἰᾶσθαι
1268 955 1453 1023 νοσοῦντας
1475 951 1567 1031 νομί-

268 1044 352 1118 ζεται
366 1040 590 1126 Athenagoras
606 1041 798 1126 supplicatio
812 1064 870 1125 pro
891 1042 1076 1106 christianis
1095 1042 1137 1106 26
1158 1042 1250 1127 Oorp.
1270 1042 1440 1129 Apologet.
1460 1045 1568 1109 christ.

271 1160 350 1202 saec.
369 1137 402 1202 Il
420 1143 442 1203 t.
461 1136 526 1204 VH
543 1162 573 1222 p.
590 1136 668 1225 140)
693 1144 725 1203 et
747 1138 856 1203 Protei
881 1139 948 1203 sive
970 1139 1136 1224 Peregrini
1166 1138 1198 1225 (ὁ
1221 1137 1282 1223 μὲν
1304 1138 1360 1205 καὶ
1389 1141 1487 1218 αὐτὸς
1512 1144 1567 1223 [sc.

157 1242 166 1256 '
266 1234 403 1320 ἀνδριὰς
435 1244 495 1301 τοῦ
528 1235 705 1322 Πρωτέως]
729 1235 856 1319 λέγεται
878 1240 1087 1321 χρηματιζειν
1114 1237 1170 1321 ib.;
1194 1238 1232 1301 cf.
1257 1238 1355 1301 schol.
1378 1237 1412 1300 in
1435 1242 1501 1302 not.
1527 1239 1568 1302 12

265 1356 295 1415 p.
317 1331 394 1395 141:
417 1341 538 1399 τοῦτον
560 1332 648 1417 λέγει
671 1332 812 1420 Πρωτέα
834 1332 909 1420 περὶ
933 1329 974 1398 ού
1002 1335 1190 1411 Λουκιανὸς
1217 1336 1353 1420 γράφει,
1381 1334 1422 1400 ὃν
1445 1334 1569 1412 ἐκεῖνος

265 1427 320 1494 καὶ
344 1434 551 1516 Περεγρῖνον
573 1428 691 1518 καλεῖ).

356 1526 419 1591 Sed
441 1527 519 1591 haec
542 1528 576 1591 in
599 1529 746 1593 transitu.
792 1528 990 1594 Accedamus
1014 1529 1151 1613 denique
1173 1529 1245 1614 ipsa
1273 1530 1410 1616 somnia,
1438 1530 1476 1593 de
1500 1530 1568 1614 qui-

265 1624 326 1687 bus
356 1624 511 1687 nonnulla
542 1624 638 1689 liceat
670 1648 866 1709 componere.
917 1626 989 1691 Hoc
1016 1627 1145 1711 quidem
1177 1650 1307 1692 monere
1338 1650 1404 1691 non
1430 1632 1569 1711 praeter-

264 1720 416 1805 miserim,
435 1741 507 1784 cum
523 1722 647 1786 somnia
661 1723 695 1786 in
710 1724 841 1787 deorum
864 1723 994 1805 templis
1017 1723 1103 1787 facta
1125 1746 1144 1786 a
1167 1724 1300 1789 somniis
1320 1725 1406 1788 domi
1425 1723 1476 1788 rel
1490 1724 1567 1786 alibi

265 1818 383 1881 oblatis
407 1840 441 1881 re
464 1818 535 1901 ipsa
557 1819 710 1883 nimirum
733 1819 941 1884 nullomodo
965 1819 1127 1905 differant,
1155 1821 1193 1883 de
1215 1820 1266 1884 his
1293 1821 1359 1884 iliis
1387 1821 1567 1903 promiscue

264 1936 322 1978 nos
347 1936 441 1999 agere
464 1937 571 2000 possc3
595 1939 740 1981 necnon
769 1917 807 1980 de
834 1915 1013 1981 visionibus
1042 1916 1093 1979 dic
1120 1916 1214 1981 factis
1242 1917 1397 1981 nonnulla
1424 1918 1566 1981 affluent.

351 2011 548 2078 lamblichus
572 2014 611 2077 dc
635 2014 798 2098 mysteriis
817 2012 905 2079 1112
928 2014 1015 2077 haud
1037 2034 1139 2098 pauca
1162 2035 1199 2077 ec
1222 2014 1261 2077 (19
1288 2037 1323 2079 re
1346 2014 1467 2095 attulit,
1490 2035 1568 2098 quo-

263 2109 359 2173 modo
388 2110 512 2174 somnia
540 2110 694 2175 divinitus
722 2111 821 2175 missa
849 2133 868 2175 a
899 2111 1031 2175 somniis
1061 2111 1210 2176 humanis
1238 2109 1477 2198 (ἀνθρώπινοι)
1506 2111 1568 2175 dis·

264 2210 443 2293 cernantur,
467 2209 658 2292 quibuscum
681 2231 746 2273 nou
770 2208 967 2292 discordant,
995 2230 1076 2293 quae
1098 2208 1176 2272 alibi
1199 2209 1239 2272 (19
1266 2209 1403 2295 singulis
1433 2208 1567 2273 somniis

263 2305 434 2369 traduntur
457 2306 508 2370 vel
532 2306 570 2370 de
594 2306 633 2371 iis
656 2307 762 2392 rebus,
786 2328 866 2391 quae
889 2306 974 2369 inter
997 2305 1215 2370 incubandum
1242 2305 1389 2371 solebant
1416 2306 1566 2374 accidere.

262 2444 449 2510 Audiuutur
472 2468 574 2511 uoces.

333 2565 448 2622 ἀκούειν
478 2566 593 2636 πάρεστι’
623 2589 698 2633 τινος
725 2579 838 2640 φωνῆς
868 2568 1005 2637 συντόμου
1030 2569 1095 2637 περὶ
1119 2577 1175 2622 τῶν
1199 2566 1345 2636 πρακτέων
1370 2565 1567 2637 ὑφηγουμένης

333 2646 431 2701 lambi.
456 2648 473 2701 l.
493 2665 516 2702 c.
554 2648 595 2701 De
609 2649 764 2718 Trophonii
781 2650 907 2703 oraculo:
939 2648 1050 2702 εἰπεῖν
1069 2666 1146 2703 τινα
1164 2647 1234 2714 πρὸς
1252 2647 1339 2702 αύτὸν
1357 2648 1408 2718 οὐχ
1427 2647 1567 2716 ὁρώμενον

333 2725 407 2781 Plus.
422 2728 457 2781 da
471 2744 533 2797 gen.
554 2728 628 2783 Socr.
644 2735 677 2781 22
692 2748 718 2797 p.
735 2734 785 2781 591
796 2728 828 2782 A.
857 2726 1011 2796 ἀμφότεροι
1025 2726 1056 2781 δὲ
1065 2727 1153 2781 ταύτὰ
1167 2728 1231 2794 περὶ
1255 2736 1304 2797 τῆς
1322 2726 1567 2797 ὀμφῆςέφραζον

333 2806 405 2860 Plut.
431 2807 499 2861 Sull.
522 2814 562 2862 17.
589 2809 631 2870 τλς
659 2808 707 2861 καὶ
735 2803 792 2861 εἶδε
825 2810 873 2861 καὶ
901 2807 982 2869 ἄλλος
1005 2805 1149 2873 ἥκονσεν
1167 2807 1248 2861 Paus.
1272 2807 1368 2875 meo,
1384 2813 1425 2860 11.
1461 2805 1498 2859 τὰ
1516 2804 1567 2874 μὲν

334 2885 410 2953 lato,
424 2886 459 2939 τὰ
473 2884 505 2939 δὲ
520 2887 669 2951 ἀκούσας
682 2888 755 2941 Max.
771 2887 835 2956 Tyr.
846 2887 912 2941 diss.
929 2892 970 2955 14,
986 2893 1009 2940 2.
1039 2886 1073 2940 cf.
1089 2886 1162 2940 Plut.
1182 2886 1289 2956 degan.
1300 2886 1375 2940 Socr.
1387 2892 1419 2939 21
1434 2905 1461 2956 p.
1473 2891 1525 2939 590
1535 2887 1566 2941 B.

334 2964 375 3018 Dc
385 2965 542 3034 Pasiphaae
553 2968 678 3022 oraculo:
698 2988 746 3036 φω
755 2967 816 3037 νῆν
826 2966 856 3021 έκ
865 2976 916 3021 τού
931 2967 1007 3033 ἱεροῦ
1017 2964 1150 3035 γενέσθαι
1164 2964 1326 3035 φράζουσαν
1341 2965 1413 3019 Plut.
1429 2965 1532 3019 Oleom.
1541 2972 1565 3019 7.

333 3044 374 3098 Dc
389 3044 546 3115 Sarapidis:
566 3048 614 3100 καλ
633 3044 766 3117 γενέσθαι
780 3045 895 3117 φήμην
912 3045 989 3100 τινὰ
1000 3046 1039 3121 ,ἐκ
1052 3054 1101 3100 τού
1115 3049 1186 3100 θεοῦ
1201 3046 1304 3099 Arrian
1317 3046 1407 3099 Anab.
1422 3045 1473 3097 VII
1487 3050 1530 3112 26,
1540 3052 1565 3099 2.

333 3124 374 3177 De
397 3124 559 3195 Aesculapii
579 3126 719 3182 Adrcttis:
743 3128 791 3181 καλ
814 3126 867 3197 γὰρ
891 3126 978 3189 ὄντως
1000 3126 1102 3179 ἀκοαὶ
1120 3123 1248 3193 λέγονταί
1267 3144 1323 3179 που
1344 3121 1417 3178 εἶναι
1434 3129 1473 3197 τῷ
1490 3122 1566 3196 τύπῳ

333 3203 458 3257 Marinus
472 3224 496 3258 v.
516 3205 608 3260 Procli
622 3222 644 3259 c.
660 3213 703 3261 32.
729 3207 765 3261 cf.
786 3224 819 3261 ex
833 3205 965 3260 Aristidis
980 3205 1154 3261 orationibus
1169 3204 1268 3259 sacris:
1288 3202 1396 3273 ἐγένετο
1411 3201 1444 3257 δέ
1457 3225 1504 3272 μοι
1518 3206 1566 3258 καὶ

332 3283 438 3352 νύκτωρ
458 3285 552 3355 φωνὴ
572 3283 732 3354 λέγοντός
753 3306 811 3341 τον
834 3289 889 3341 κτλ.
909 3286 1052 3354 11414‚31
1063 3286 1097 3339 K.
1112 3282 1235 3354 γίγνεται
1250 3284 1344 3353 φωνὴ
1363 3281 1402 3338 δι’
1424 3282 1567 3352 ὀνείρατος

331 3367 438 3428 427,14
451 3363 485 3418 Κ.
501 3363 541 3417 Ι)9
555 3365 645 3418 Fauni
664 3365 788 3421 oraculo:
809 3367 920 3435 ,νακύοο
933 3368 1014 3421 ondit
1031 3369 1140 3421 oooee“
1163 3364 1246 3434 Verg.
1261 3365 1329 3418 Aen.
1340 3364 1391 3417 VH
1401 3368 1443 3417 90.
1457 3365 1567 3430 ‚sulita

301 3504 303 3509 Ι
331 3459 365 3495 eoc
387 3444 443 3497 allo
466 3460 528 3497 coc
550 3446 658 3499 reddito
677 3446 737 3501 laco
760 3451 815 3501 est*
834 3445 872 3501 ib.
888 3451 930 3501 95.
958 3446 992 3501 cf.
1008 3447 1082 3501 Serv.
1096 3446 1166 3501 Aen.
1185 3444 1237 3499 Vll
1255 3450 1297 3498 81.
1330 3442 1565 3513 Cinnanae.

332 3521 405 3591 1116,
417 3528 458 3575 15.
477 3521 515 3577 id.
535 3524 570 3577 (19
590 3523 643 3577 dir.
663 3525 732 3592 145,
749 3530 808 3578 101.

261 3646 351 3711 Aura
376 3671 509 3714 amoena
532 3651 679 3716 circumit
703 3652 904 3717 dormientes.

331 3778 379 3831 καὶ
398 3778 465 3833 ποτὲ
484 3780 534 3849 μὲν
548 3779 657 3850 ἀφανὲς
671 3781 719 3835 καὶ
733 3780 881 3849 ἀσώματον
895 3789 1005 3849 πνεῦμα
1018 3780 1138 3851 περιέχει
1151 3782 1247 3853 Ϊκύκληο
1261 3781 1326 3842 τούς
1340 3778 1564 3847 κατακειμένους,

332 3858 369 3918 ὡς
388 3856 487 3926 ὅρασιν
500 3858 552 3928 μὲν
570 3862 657 3915 αύτού
677 3860 713 3930 μῆ
733 3869 873 3929 παρεῖναι,
893 3860 943 3929 τὴν
962 3858 993 3913 δὲ
1012 3859 1098 3928 ἄλλην
1117 3858 1305 3928 συναίσθησιν
1323 3860 1371 3912 καλ
1389 3857 1565 3926 παρακολού-

327 3940 414 4004 θησιν
424 3936 779 4008 ύπολρχειν,ᾇοιζομένοο
793 3939 861 3996 τεέν
869 3944 907 4012 τῷ
918 3936 1033 3994 εἰσιέναι
1040 3940 1088 3993 καὶ
1100 3938 1369 4009 περικεχυμένου
1383 3936 1565 4007 πανταχόθεν

331 4014 399 4070 ἄνευ
418 4017 493 4079 τινὸς
511 4018 630 4089 ἐπαφῆς,
648 4018 800 4088 θαυμαστοὶ
817 4038 846 4073 τε
866 4019 933 4089 ἔργα
951 4017 1176 4089 ἄπεργαζομένου
1194 4018 1264 4087 πρὸς
1278 4017 1442 4087 ἀπαλλαγὴν
1460 4020 1565 4071 παθῶν

334 4104 427 4165 ψυχῆς
450 4115 478 4149 τε
502 4099 549 4151 καὶ
574 4100 705 4167 σώματος.
742 4099 840 4153 Iambl.
864 4099 882 4153 l.
908 4116 929 4153 c.
968 4098 1009 4153 De
1031 4097 1184 4168 Trophonii
1207 4098 1332 4153 oraculo:
1362 4097 1456 4151 ἔπειτα
1479 4117 1564 4150 κατα-

331 4174 426 4229 κούειν
444 4178 492 4245 (sc.
507 4179 602 4232 δοκεῖν
617 4177 682 4248 ἔφη)
696 4179 853 4247 ἀμαυρῶς
871 4174 988 4247 ρὀύζου
1006 4178 1100 4240 τινὸς
1118 4177 1187 4246 ὑπὲρ
1206 4181 1328 4248 κεφαλῆς
1346 4179 1564 4246 περιελαυνο-

331 4252 433 4322 μένου
452 4256 551 4325 φωνὴν
568 4256 691 4326 ἡδεῖαν
709 4254 799 4320 ἱέντος
816 4257 889 4311 Plut.
910 4258 945 4311 de
963 4275 1026 4327 gen.
1046 4259 1121 4314 Socr.
1141 4263 1174 4311 22
1192 4276 1219 4326 p.
1235 4263 1287 4312 590
1302 4257 1329 4312 C.

259 4372 377 4457 Fulget
398 4374 536 4456 mystica
558 4373 623 4439 lux.

332 4496 426 4550 ἄλλοτε
445 4494 477 4548 δὲ
500 4495 609 4563 φωτὸς
632 4494 889 4565 ἐπιλάμψαντος
911 4500 1064 4565 λαμπροῦ
1087 4498 1135 4551 καὶ
1158 4494 1325 4566 ῆρεμοιύου
1350 4494 1495 4566 κατέχεται
1513 4493 1564 4562 μὲν

331 4576 348 4643 ἡ
379 4585 435 4630 τῶν
459 4575 615 4644 ὀφθαλμῶν
639 4575 713 4645 ύψις,
742 4576 858 4645 συμμύει
887 4595 929 4645 τε,
957 4577 1173 4646 ἀναπεπταμένη
1198 4575 1248 4645 μὲν
1266 4572 1336 4630 ούσα
1354 4572 1503 4643 πρότερον·
1534 4574 1565 4627 αἱ

331 4652 358 4709 δ’
380 4654 460 4709 ἄλλαι
488 4655 633 4724 αἰσθήσεις
656 4654 866 4727 διενηνερμέναι
888 4656 1066 4727 τυγχάνουσι,
1091 4656 1139 4711 καὶ
1167 4653 1406 4710 σνναισθολνονται
1431 4662 1490 4716 πῶς
1515 4653 1565 4715 εἰς

1762 783 1768 916 l
