3550 5317
192 337 367 403 22‚4-24‚2
747 333 933 402 Therapontis
1431 336 1492 400 131

191 500 429 564 νοντοιοῦτόν
453 498 571 581 ἔστιν’]
595 499 736 581 γύναιόν
759 520 790 562 τι
813 509 879 563 τῶν
903 497 965 563 οὐκ
987 497 1124 582 ἀσήμων
1146 498 1243 582 εάχής
1269 497 1365 562 ἕνεκα
1392 501 1494 583 μόνης

191 593 228 659 έν
250 596 334 682 τῷδε
356 603 402 682 τῷ
427 595 503 683 ίερςό
527 604 615 683 σηκῷ
638 593 845 680 παρεγένετο.
899 596 1029 680 συμβάν
1049 591 1086 660 δὲ
1108 595 1195 660 οὕτω
1218 597 1301 660 κατά
1318 597 1380 679 τήν
1403 595 1516 681 ώρανι

194 692 300 775 αὐτήν
321 693 458 758 παιδίον
476 692 620 778 εὑρίσκει
639 694 759 780 μικρὸν
778 693 1082 779 ἀναβρασσόμενον,
1154 693 1219 758 ὑπὸ
1238 694 1396 777 δαίμονος
1415 708 1494 757 συν-

191 800 273 874 εχῶς
301 789 616 876 ἀνατινασσόμενον,
683 799 743 856 τοῦ
772 788 869 876 ἀέρος
896 790 1178 876 ἀποκρεμάμενον,
1264 790 1494 874 ἐκτεινόμενον

192 885 247 952 καὶ
270 887 372 953 πάλιν
391 895 513 973 αίφηης
531 890 866 975 καταρριπτούμενον.
929 889 1012 974 πρὸς
1030 884 1067 953 δὲ
1080 889 1139 953 τὸν
1154 888 1252 971 ἀγιον
1264 888 1356 972 ἠφίει
1370 888 1493 972 συχνάς

188 1009 223 1050 τε
246 983 301 1050 καὶ
324 985 386 1051 οὐκ
413 986 575 1069 εὐσήμους
603 985 733 1070 φωνάς,
760 977 814 1052 οἷα
841 987 1016 1069 συμβαίνει
1043 983 1098 1049 καὶ
1126 987 1291 1069 γίνεσθαι,
1371 985 1452 1050 ὅταν
1474 983 1492 1049 δ

189 1085 318 1167 δαίμων
332 1081 516 1160 ἀλλοιώσας
528 1084 587 1148 τὸν
603 1083 852 1168 ἐνεργούμενον,
898 1081 1021 1160 ἐκεῖνος
1036 1082 1112 1158 ὅλος
1130 1088 1233 1166 λαλεῖ,
1251 1083 1288 1148 τὸ
1303 1086 1407 1167 στόμα
1429 1091 1489 1148 τοῦ
1500 1113 1526 1151 ιο

190 1181 375 1265 πάσχοντος
434 1182 522 1246 ίδιον
544 1184 777 1266 τεχναζόμενος
799 1183 955 1266 ὄργανον.
1012 1180 1134 1245 τούτου
1161 1189 1246 1263 γοῦν
1269 1178 1289 1262 ή
1312 1180 1397 1263 γυνή
1421 1181 1492 1244 δια-

190 1277 332 1356 παίξασα
420 1276 475 1343 καὶ
507 1280 629 1363 χλεύην
659 1274 745 1344 εἶναι
772 1279 810 1344 τὸ
845 1291 979 1364 πρᾶγμα
1013 1279 1176 1361 νομίσασα
1265 1278 1491 1356 κατετώθαζεν

190 1373 359 1452 έξουθένει
383 1374 539 1441 διέπτυεν
603 1373 658 1441 καὶ
681 1375 774 1453 τέλος
796 1379 926 1442 πλατὺν
949 1377 1134 1441 σκεδάσασα
1157 1375 1282 1460 γέλωτα
1352 1377 1491 1441 παιδιὰν

189 1473 330 1538 ἐποιεῖτο
353 1475 390 1539 τὸ
413 1472 532 1558 θέαμα.
605 1472 675 1539 ἀλλ’
703 1473 721 1539 δ
744 1476 823 1551 τοὺς
846 1476 1007 1558 δαίμονας
1028 1479 1170 1557 πληγαῖς
1192 1473 1298 1539 ἀνιῶν
1316 1472 1371 1539 καὶ
1389 1477 1489 1558 βασα-

187 1573 286 1649 νίζων
307 1570 433 1636 ἀθέατα
513 1571 575 1637 οὐκ
597 1573 736 1655 ἤνεγκεν
764 1572 869 1648 οὕτως
892 1577 1083 1637 πλανᾶσθαι
1106 1573 1143 1637 τὸ
1166 1574 1319 1655 γύναιον,
1410 1570 1481 1636 ἀλλ’
1499 1600 1524 1640 15

187 1667 262 1734 ἀντὶ
285 1677 346 1733 τοῦ
370 1667 516 1755 ἀσέμνου
533 1668 589 1734 καὶ
612 1668 779 1756 ἀπρεποῦς
797 1670 1009 1753 μειδιάματος
1068 1672 1276 1754 σκοτομήνην
1294 1669 1395 1751 αὐτῆς
1414 1691 1489 1732 κατ-

189 1765 376 1851 εσκέδασεν,
440 1766 495 1832 καὶ
518 1769 566 1844 είς
588 1766 735 1832 τούπίσω
758 1775 906 1832 πεσοῦσα
930 1765 1082 1850 ἐξαπίνης
1104 1767 1229 1851 μεγάλα
1251 1766 1443 1852 ἀνέκραγεν,

188 1863 365 1948 (βοηθεῑτέ
386 1863 538 1948 λέγουσα,
562 1864 750 1948 εδαιμόνιον
768 1865 844 1950 άρτι
862 1863 1021 1948 κατέσχον
1043 1862 1099 1928 καί
1121 1865 1302 1949 μαίνομαί.
1347 1863 1488 1946 ἀναστή-

186 1978 302 2037 σαντες
331 1959 367 2027 δέ
397 1962 502 2046 αὐτήν
532 1962 568 2027 οί
594 1963 840 2046 περιιστάμενοι
930 1964 1161 2047 προσήνεγκαν
1192 1970 1237 2049 τῷ
1268 1961 1351 2049 ἀγίφ
1384 1963 1488 2043 Θερά-

185 2079 283 2124 ποντι
368 2058 672 2144 έξομολογουμένην
694 2061 731 2125 τὸ
759 2057 944 2144 πλημμελές
967 2057 1021 2124 καὶ
1045 2059 1326 2145 ἀναγορεύονσαν.
1372 2095 1375 2100 -
1412 2057 1482 2123 ἀλλ’
1497 2089 1523 2127 εο

185 2153 307 2241 ἡμέρας
324 2155 420 2221 πέντε
438 2159 746 2242 προσκαταμείνασα
808 2159 932 2233 παντὸς
951 2155 1111 2241 ἐλευθέρα
1129 2160 1314 2240 νοσήματος
1383 2150 1489 2239 ἦλθεν

185 2251 238 2317 ε’πλ
262 2255 302 2317 τά
326 2255 404 2318 ίδια.

275 2347 360 2429 εἶδες
374 2352 472 2436 ἁγίου
485 2352 671 2436 θαυμάσια;
718 2345 818 2435 [εἶδες
836 2350 941 2436 ὀργήν
960 2354 1198 2438 φιλανθρωπίᾳ
1216 2351 1531 2437 κεκερασμένηνς]23

187 2453 360 2533 συντόμως
388 2451 569 2526 παιδεύσας
597 2450 696 2533 τάχος
728 2447 854 2533 ίάσατο,
939 2450 995 2514 ἵνα
1030 2452 1111 2533 μήτε
1143 2449 1375 2533 ἀνεξέλεγκτον
1402 2443 1422 2535 ᾖ
1449 2452 1486 2515 τὸ

186 2548 396 2631 ἀπαίδευτον,
441 2545 495 2612 καὶ
519 2548 556 2612 τὸ
579 2547 822 2630 παιδευόμενον
868 2547 991 2631 ἵναμή
1014 2545 1068 2612 ἐπὶ
1091 2551 1177 2613 πολὺ
1201 2547 1419 2633 διελέγχηται·

184 2645 290 2721 οὕτως
313 2640 388 2712 οίδε,
405 2646 445 2710 τά
468 2652 525 2728 τῆς
550 2646 666 2721 ἰάσεως
740 2642 910 2729 διανέμειν
933 2644 951 2711 ὁ
974 2646 1075 2727 ἅγιος.
1146 2654 1191 2730 πῇ
1213 2643 1275 2730 μὲν
1298 2648 1360 2730 γάρ
1384 2643 1484 2732 θέρα-

182 2744 274 2807 πεύει
297 2743 337 2807 τά
360 2739 504 2827 σώματα,
579 2743 658 2807 ὅταν
687 2741 723 2807 έκ
746 2743 867 2807 τούτου
894 2740 949 2807 καί
976 2741 1079 2826 ψυχαί
1106 2745 1363 2828 θεραπεύονται·
1440 2753 1508 2830 πήι

183 2837 220 2905 δὲ
247 2840 301 2904 καὶ
330 2842 377 2916 είς
406 2841 533 2923 μακρὸν
562 2842 750 2924 παρατείνει
782 2841 843 2923 τήν
873 2841 1062 2923 σωματικήν
1089 2842 1327 2924 κακοπάθειαν,
1404 2841 1486 2906 ὅταν

186 2946 284 3001 τοῦτο
321 2948 481 3002 συνοῖσον
513 2936 576 3023 δρᾷ
606 2945 645 3022 τῇ
674 2946 779 3020 ψυχή,
812 2935 867 3001 καὶ
900 2940 1068 3021 βασανίζει
1100 2949 1247 3024 χρηστῶς
1279 2941 1363 3024 πρὸς
1394 2939 1485 3022 διόρ-

181 3041 302 3098 θωσιν.
369 3033 472 3100 πλέον
493 3035 557 3118 γάρ
580 3044 648 3098 τῶν
670 3043 786 3117 ψυχῶν
809 3032 829 3116 ή
852 3044 921 3098 τῶν
944 3035 1105 3119 σωμάτων
1128 3035 1297 3120 ἀντέχεται
1358 3034 1415 3101 καὶ
1437 3061 1485 3101 τι-

183 3143 340 3216 μωρεῖται
372 3133 409 3196 τὸ
442 3143 534 3215 σῶμα
566 3129 611 3195 δι’
645 3133 748 3195 ἔλεον.
828 3142 895 3195 τῶν
930 3134 993 3218 γάρ
1030 3131 1158 3199 ἐνθέων
1194 3133 1329 3220 ἀνδρῶν
1358 3136 1485 3220 πλήρης

183 3228 295 3305 ἐλέους
318 3229 338 3312 ἡ
361 3231 502 3315 τιμωρία
523 3227 738 3312 καθέστηκεν·
807 3227 848 3293 οὐ
871 3229 935 3315 γάρ
959 3228 1011 3294 ἐπὶ
1035 3231 1072 3295 τὸ
1094 3229 1213 3315 πλῆξαι
1236 3229 1291 3296 καὶ
1315 3230 1484 3313 ἀπολέσαι,
1495 3252 1520 3290 1⁰

182 3325 252 3392 ἀλλ’
287 3325 338 3390 έπλ
370 3328 407 3391 τὸ
437 3325 655 3410 μεταστρέψαι
681 3324 736 3390 καὶ
764 3328 972 3410 σωφρονίσαι
999 3327 1058 3404 τὰς
1083 3339 1152 3393 τῶν
1178 3329 1334 3413 βασάνων
1361 3328 1485 3405 ὀδύνας

182 3421 376 3509 ἀνθρώποις
399 3424 599 3506 εἰσάγουσιν.
668 3419 743 3507 εὖγε
766 3432 823 3506 της
846 3427 941 3500 θείας
964 3427 1141 3509 μιμήσεως·
1213 3426 1296 3492 ἐλεεῖ
1318 3428 1380 3509 γάρ
1400 3426 1484 3509 ἡμᾶς

182 3519 236 3586 καὶ
262 3521 344 3597 Θεὸς
367 3521 585 3606 ὀργιζόμενος,
663 3519 721 3586 ε’άν
742 3544 793 3597 τις
815 3522 859 3605 μή
882 3522 965 3607 πρὸς
991 3525 1031 3587 τά
1053 3526 1202 3609 παρόντα
1225 3527 1331 3609 μόνον
1353 3523 1483 3608 εὐθύνη

182 3620 243 3702 τήν
265 3622 438 3705 πρόνοιαν,
514 3617 569 3683 καὶ
595 3627 653 3703 τῆς
679 3621 829 3695 παιδείας
857 3619 961 3684 αὐτοῦ
989 3620 1160 3705 προτρέχει
1189 3623 1226 3686 τὸ
1256 3625 1355 3704 ἔλεος,
1431 3621 1482 3686 ὅτι

184 3717 309 3800 ‘amosa
337 3719 430 3801 φησί,
453 3715 519 3781 εκαί
542 3717 625 3801 ὀργή
647 3715 726 3802 παρ’
752 3716 856 3804 αὐτῷ,
879 3718 1046 3801 δυνάστης
1069 3716 1252 3802 έξιλασμῶν
1279 3717 1334 3782 καὶ
1363 3717 1518 3803 ε’κχέωνιε

182 3814 287 3900 ὀργήν
309 3815 391 3880 κατά
414 3815 451 3879 τὸ
473 3816 560 3879 πολὺ
584 3813 687 3879 αὐτοῦ
710 3815 821 3891 έλεος’.

267 3914 348 3978 ἀλλο
376 3936 415 3997 με
443 3911 579 3977 διέλαθε
610 3922 739 3997 συχνάς
766 3910 814 3977 έτί
847 3914 928 3979 ἀλλο
956 3916 1157 3998 φερόμενον,
1243 3912 1350 3978 έκεῖνο
1378 3915 1419 3997 δή
1443 3914 1479 3978 τὸ
1488 3923 1526 3978 24

178 4009 459 4096 παραδοξότατον,
540 4003 643 4095 οὗπερ
666 4008 756 4093 κάγώ
779 4011 843 4095 πρὸ
866 4020 989 4096 μικροῦ
1018 4011 1251 4094 κεκοινώνηκα,
1323 4015 1422 4097 πείρᾳ
1444 4013 1481 4077 τὸ

267 4153 283 4200 6
301 4148 350 4201 καὶ
366 4151 432 4218 post
449 4147 585 4218 δαίμονος
599 4149 663 4204 add.
678 4149 708 4202 M
724 4150 728 4222 Ι
744 4155 760 4204 8
775 4168 804 4203 τε
823 4151 889 4204 ante
908 4151 956 4205 καὶ
976 4150 1041 4205 add.
1056 4149 1086 4202 Μ
1102 4152 1106 4219 Ι
1121 4148 1200 4219 ήφίει
1213 4153 1279 4220 posia
1292 4150 1462 4220 ευσήμουςΜ
1476 4152 1480 4222 Ι

180 4235 196 4282 9
216 4226 339 4296 ἀσήμους
353 4227 378 4280 A
394 4231 397 4297 Ι
415 4234 448 4282 10
462 4229 614 4291 ἀλλοιώσας
626 4233 691 4299 post
705 4229 791 4299 ένεργ.
807 4228 866 4282 AM
882 4233 886 4300 Ι
904 4236 936 4284 11
956 4238 1037 4285 τοῦτο
1052 4229 1077 4282 A
1093 4234 1097 4300 Ι
1115 4236 1147 4283 12
1161 4233 1354 4297 κατετώθαζεν
1372 4247 1425 4285 om.
1441 4230 1480 4301 ΑΙ

180 4314 212 4360 13
231 4310 372 4362 πλατῦνον
391 4307 420 4360 Μ
447 4308 598 4378 πλατὴνΑ
622 4312 626 4379 Ι
651 4316 683 4364 16
702 4309 823 4379 ἀσέμνον
842 4311 892 4363 καί
910 4310 1003 4365 om.A
1028 4312 1032 4379 Ι
1058 4306 1232 4380 σκοτόμηναν
1251 4312 1279 4364 Μ
1304 4315 1309 4380 Ι
1334 4312 1404 4381 αὐτῇ
1422 4310 1482 4363 AM

177 4405 245 4443 corr.
264 4387 471 4443 Radermacher
493 4391 497 4458 Ι
518 4390 717 4446 κατεσκεύασεν
736 4391 761 4443 A
785 4391 789 4458 Ι
816 4394 848 4442 17
867 4410 926 4461 μεγ.
946 4389 1023 4455 ἐξαπ.
1043 4390 1073 4443 Μ
1099 4393 1104 4460 Ι
1129 4389 1281 4460 ἀνέκραξεν
1299 4390 1324 4443 Α
1349 4392 1353 4459 Ι
1380 4395 1412 4443 18
1432 4410 1482 4458 μοι

175 4485 226 4538 pro
246 4465 381 4536 μαίνομαι
399 4468 429 4521 Μ
445 4471 449 4538 Ι
467 4475 499 4522 19
519 4467 696 4539 ίὲρομάρτορι
709 4473 775 4540 post
789 4466 858 4542 ἀγίφ
873 4470 937 4524 εδδ.
953 4470 983 4524 Μ
999 4472 1003 4539 Ι
1020 4476 1052 4524 21
1069 4469 1258 4540 καταμείνασα
1272 4470 1297 4522 Α
1311 4472 1320 4539 ΙΙ
1334 4477 1377 4538 23,
1393 4476 1409 4522 2
1428 4468 1480 4538 γάρ

176 4552 241 4617 post
259 4545 401 4617 συντόμως
413 4549 477 4603 add.
492 4548 522 4601 M
538 4550 542 4621 Ι
557 4549 681 4620 τάχωςΑ
702 4552 706 4619 Ι
723 4549 776 4604 ίάο.
795 4549 855 4620 τάχ.
870 4550 901 4603 Μ
916 4554 920 4620 Ι
937 4550 967 4605 τό
982 4549 1153 4606 ἀπαίδευτον
1167 4551 1233 4620 post
1245 4548 1312 4619 μήτε
1326 4551 1356 4603 Μ
1372 4553 1376 4619 Ι
1392 4557 1408 4604 3
1423 4549 1480 4603 διέ-

176 4626 300 4698 λέγχεται
317 4626 347 4684 Μ
363 4632 367 4700 Ι
383 4634 470 4684 4-16
490 4627 592 4683 δεευοίι
609 4629 639 4682 in
657 4629 706 4701 ΜΙ
729 4636 761 4684 15
781 4629 878 4684 Sirach
898 4636 1035 4700 16,11εη.
1059 4633 1068 4701 ΙΙ
1091 4636 1163 4698 24,1
1184 4628 1253 4683 ἀλλά
1271 4630 1296 4682 A
1319 4634 1323 4700 Ι
1346 4630 1415 4684 ἀλλα
1434 4630 1478 4703 ΑΙ

178 4710 314 4777 ῦπαραδ.
330 4741 363 4749 -
377 4708 408 4763 τδ
429 4709 531 4763 desunt
548 4708 622 4762 inA
718 4750 721 4756 .

1232 4798 1267 4854 90
