3550 5317
671 326 712 378 De
731 324 912 379 incubatione
932 326 1091 380 christiana.
1484 326 1526 391 59

316 488 414 572 Apud
436 488 581 553 Medardi
605 489 747 573 episcopi
775 490 970 573 sepulcmm,
998 491 1083 574 quod
1112 490 1146 554 in
1174 488 1420 554 Suessionum
1447 491 1526 555 urbe

228 586 338 674 (hodie
371 584 534 673 Soissons)
568 584 759 673 excubae),
792 587 1030 653 incubationem
1067 589 1218 653 usitatam
1254 588 1353 652 fuisse
1390 592 1528 653 testatur

226 686 362 750 Venant.
375 685 507 750 Fortun.
522 684 555 749 Π
569 685 619 769 16,
632 684 695 748 143
705 707 751 769 sq.
775 683 861 749 Mon.
877 683 980 750 Germ.
996 690 1077 750 auct.
1091 684 1139 750 IV
1151 687 1167 750 1
1179 708 1209 769 p.
1219 685 1276 749 48:
1290 686 1430 765 „rombus
1446 686 1528 751 lenna

226 780 384 870 (caecum)
407 786 560 850 medicis
582 784 767 849 monuisti
785 789 916 865 tempore
932 786 1064 863 somni,
1084 782 1089 869 1
1110 785 1242 849 tenderet
1258 789 1294 848 ut
1310 784 1395 848 celon
1412 785 1456 849 acl
1473 788 1528 849 lua

227 882 339 963 ampla
363 882 526 963 praelum.“
575 878 654 945 Adit
681 885 831 966 aegrotus
861 881 1012 964 martyris
1041 882 1148 945 aulam
1176 885 1209 945 et
1241 878 1284 967 (v.
1305 877 1433 966 lbOsq.)
1457 901 1529 962 „per

227 980 355 1044 minum
373 980 552 1046 recubans
570 984 642 1045 cnm
659 976 885 1063 sepulcrum)
898 980 976 1060 fnit·
997 976 1002 1064 Ι
1022 980 1136 1043 tertia
1153 978 1209 1043 lua
1221 980 1344 1045 rediens
1361 983 1528 1044 uoctnnas

227 1077 359 1143 solverat
378 1077 530 1143 umbras“.
1550 1070 1556 1083 ’

316 1173 547 1259 Noviomagi
571 1173 680 1261 (hodie
703 1170 835 1259 Noyon)
860 1195 883 1237 s.
902 1173 1005 1258 Eligii
1023 1172 1205 1256 sepulcrum
1223 1174 1385 1238 miraculis
1408 1174 1526 1238 floruit.

228 1271 305 1335 Vita
337 1271 405 1349 eius
437 1292 510 1337 oum
543 1271 607 1335 alia
637 1269 731 1335 nobis
764 1270 896 1355 praebet
931 1275 1001 1334 tum
1038 1271 1118 1336 haec
1153 1269 1199 1357 (Π
1226 1271 1267 1335 51
1301 1270 1412 1356 Migne
1442 1275 1465 1335 t.
1485 1271 1526 1335 87

227 1392 257 1453 p.
277 1367 406 1455 578A):
429 1372 601 1452 „quaedam
623 1389 756 1449 namque
776 1369 898 1450 femina
915 1374 1002 1433 nmta
1020 1374 1049 1433 et
1065 1390 1155 1434 caeca
1173 1372 1217 1435 aa
1233 1369 1407 1452 sepulcrum
1427 1371 1528 1434 sancti

227 1468 331 1549 Elipic'
350 1469 414 1549 fuit
436 1469 593 1548 quondam
616 1466 733 1543 oblata·
757 1486 836 1547 quac
857 1486 927 1530 cum
946 1467 1003 1531 elin
1019 1467 1134 1531 ebidem
1155 1468 1264 1531 orbata
1281 1468 1393 1532 elsim
1410 1467 1528 1548 loquela

227 1566 265 1629 rte
291 1565 372 1629 caelo
400 1569 585 1645 enspmtaret
610 1562 772 1647 medelam,
803 1584 931 1645 sopore
958 1566 1104 1628 tandem
1136 1566 1311 1646 depressa
1336 1585 1442 1630 somno
1469 1585 1529 1644 sna

228 1663 374 1727 concessit
390 1661 535 1726 mentina.
553 1667 583 1725 et
598 1682 661 1725 ecee
681 1666 801 1743 repente
824 1663 908 1726 dnm
926 1662 1130 1742 quiesceret
1149 1662 1269 1727 risum
1286 1666 1340 1727 est
1360 1662 1529 1727 astitisse

226 1765 368 1825 scrutum
390 1759 533 1842 Elipinm
551 1764 642 1841 atque
659 1759 760 1824 oculm
778 1760 913 1824 eiusdem
931 1758 1089 1824 mulcendo
1108 1760 1247 1843 manse,
1264 1758 1418 1823 cultellrnn
1436 1760 1530 1823 etiam

229 1857 275 1921 oel
294 1859 444 1939 forciprcm
467 1858 503 1921 in
524 1858 621 1938 specie
638 1858 750 1921 medici
763 1877 861 1921 mann
876 1861 1001 1938 pestans
1018 1858 1174 1939 compedes
1192 1857 1317 1939 linquae
1334 1857 1401 1921 eius
1423 1856 1531 1921 leniter

226 1956 399 2021 abscidisse.
423 1961 452 2019 et
473 1974 510 2019 en
532 1955 587 2020 boc
613 1956 755 2019 continuo
783 1958 1043 2037 euperpefccta
1066 2005 1073 2017 .
1098 2003 1136 2037 ·.·
1163 1975 1258 2020 sona
1282 1957 1369 2036 faeta
1392 2003 1400 2017 .
1424 2005 1431 2017 .
1455 2003 1462 2018 .
1485 1975 1529 2019 re-

224 2073 330 2135 pressa
353 2058 397 2117 est
418 2055 461 2117 acl
472 2054 639 2133 propriam
657 2052 791 2117 eillam.“
827 2051 1043 2136 Exspectatur
1060 2051 1210 2115 videlicet
1228 2052 1398 2133 somnium,
1422 2051 1530 2135 itaque

229 2150 398 2214 statuenda
420 2150 593 2215 incubatio.

315 2255 553 2323 Turonorum
584 2256 618 2319 in
648 2256 726 2319 urbe
757 2278 780 2320 s.
808 2256 984 2319 Martinum
1017 2278 1074 2338 per
1107 2254 1268 2319 somnium
1300 2255 1485 2338 apparuisse
1513 2278 1530 2319 e

229 2352 354 2417 duobus
378 2354 487 2417 elucet
504 2353 699 2418 testimoniis
727 2353 811 2436 apud
840 2350 1030 2437 Gregorium
1058 2353 1201 2416 eiusdem
1227 2350 1316 2415 urbis
1345 2352 1530 2436 episcopum

228 2452 370 2516 servatis.
393 2448 541 2515 Alterum
556 2451 675 2535 legitur
689 2451 728 2514 de
741 2451 851 2514 virtut.
866 2472 889 2513 s.
900 2448 1017 2513 Iuliani
1031 2449 1073 2512 47
1089 2449 1176 2513 Mon.
1191 2447 1294 2514 Germ.
1309 2470 1367 2514 scr.
1381 2472 1406 2513 r.
1420 2450 1463 2513 M.
1477 2449 1493 2514 I
1508 2452 1530 2514 2

228 2572 258 2633 p.
273 2548 350 2631 583,
367 2549 384 2610 7
392 2572 399 2611 :
417 2548 548 2633 „mulier
565 2553 632 2613 erat
644 2570 666 2613 a
678 2549 840 2613 nativitate
853 2568 952 2632 caeca
965 2568 1044 2629 puae
1056 2569 1088 2613 sc
1101 2548 1236 2612 eanheri
1253 2569 1275 2612 a
1287 2548 1471 2630 perenibus
1488 2551 1531 2613 acl

228 2648 308 2713 beati
331 2647 473 2712 Martini
496 2646 648 2711 tumulum
671 2648 832 2727 deprecata
854 2651 905 2711 est.
928 2646 982 2711 ubi
1004 2666 1073 2710 curn
1091 2646 1233 2724 uenisset,
1253 2650 1447 2728 prostrata
1465 2666 1532 2727 per

228 2746 463 2825 tridnnmarl
485 2744 640 2829 canentes,
663 2745 718 2827 qui
740 2748 812 2808 mete
838 2742 1070 2825 sepulchrum
1091 2746 1192 2810 saneti
1209 2743 1360 2809 antistites
1382 2743 1532 2808 habentur

230 2935 313 2991 aliter
332 2952 392 2990 sese
411 2937 511 3002 habet;
530 2953 595 2989 nam
614 2938 712 2990 namet
730 2953 749 2991 s.
770 2936 909 2989 Martinus
928 2952 957 2990 se
977 2954 1040 2990 cum
1058 2936 1132 2990 clero
1151 2936 1181 2989 in
1196 2935 1343 2990 ecclesiam
1361 2935 1532 3005 confugisse,

228 3035 291 3071 cum
316 3016 457 3086 Calliopes
481 3017 616 3071 exarchus
639 3015 906 3071 urbemintrasset.
936 3035 960 3072 v.
980 3035 1007 3086 p.
1024 3016 1117 3071 1990:
1141 3017 1246 3087 υίρίίοον
1268 3021 1301 3070 ut
1322 3017 1393 3071 setus
1414 3017 1532 3087 qualiter

227 3099 351 3154 sublatus
374 3103 399 3153 et
426 3097 524 3153 ductus
553 3100 605 3153 sim
628 3116 646 3152 a
668 3098 797 3152 Rornanu
819 3098 893 3163 urbe,
916 3098 965 3169 nil
980 3097 1083 3163 falsum
1105 3097 1202 3151 audies
1226 3097 1415 3153 accidentium.
1439 3099 1533 3152 omnia

225 3179 361 3246 praescivi
375 3195 426 3246 per
444 3184 529 3233 totum
549 3184 660 3248 tempus,
678 3194 747 3247 quen
766 3177 985 3244 nieditabuntur;
1004 3185 1029 3233 et
1046 3183 1154 3245 smnpto
1171 3178 1272 3245 meipso
1290 3194 1352 3232 cum
1369 3178 1444 3232 omni
1462 3178 1531 3231 clero

227 3276 292 3325 meo,
307 3258 441 3327 minutim
458 3259 549 3313 mansi
567 3259 599 3312 in
617 3259 727 3313 coensis
746 3256 898 3313 Saloutaria
915 3258 1004 3313 nostri
1026 3260 1091 3312 Iesu
1109 3258 1220 3323 tinini,
1238 3274 1307 3325 puae
1325 3259 1532 3328 coprmminatur

229 3339 462 3393 Oomtnntiniann
489 3382 494 3393 .
520 3383 524 3393 .
551 3382 555 3391 .
583 3339 642 3393 illic
671 3340 743 3393 enim
767 3354 858 3393 omnes
883 3354 933 3392 nos
957 3354 1076 3393 seorsum
1100 3339 1276 3393 morabamm
1300 3357 1319 3392 a
1347 3339 1392 3392 die
1416 3338 1532 3403 sabbati,

228 3417 339 3487 quando
359 3418 499 3486 Calliopes
516 3435 578 3473 cnm
596 3418 756 3473 Rauennati
774 3418 894 3472 enermtu
916 3422 942 3472 et
966 3418 1104 3473 modom
1126 3418 1296 3473 cubiculario
1318 3418 1444 3472 mtroieu
1466 3418 1530 3472 cini-

229 3503 335 3551 tatem“.
373 3496 513 3550 Nimirum
532 3514 596 3550 cum
614 3496 644 3550 in
663 3495 782 3551 ecclesia
799 3499 957 3551 moraretur
975 3513 1059 3566 papa,
1079 3496 1185 3552 ibidem
1204 3496 1231 3551 ei
1250 3499 1311 3551 erat
1329 3496 1530 3552 dormiendum.

230 3608 264 3617 -
283 3576 410 3630 Alterum
428 3575 621 3637 testimonium
640 3576 676 3638 ad
694 3575 883 3631 incubationis
903 3594 984 3630 usum
1002 3576 1074 3631 false
1092 3577 1225 3643 relatum,
1248 3576 1323 3645 quod
1341 3579 1437 3629 tamen
1456 3576 1531 3643 apud

231 3674 285 3727 eos,
305 3655 408 3726 quide
427 3656 607 3711 incubatione
633 3656 815 3725 scripserunt,
840 3656 952 3724 saepius
976 3657 1109 3726 occurrit,
1132 3655 1279 3710 Prudentii
1301 3654 1415 3708 exhibet
1437 3671 1531 3707 versus

233 3736 412 3807 (Apotheosis
432 3742 491 3805 186,
510 3752 720 3805 nonnumquam
738 3736 810 3791 false
829 3752 862 3790 ex
881 3736 1096 3806 Hamartigenia
1119 3735 1244 3803 citatus):
1264 3735 1371 3803 „eequis
1392 3736 1424 3788 in
1446 3734 1531 3789 idolio

229 3820 363 3874 recubans
381 3819 453 3873 inter
470 3835 551 3873 sacru
568 3818 667 3873 mille‘.
701 3816 778 3881 Quae
797 3815 883 3869 verba
897 3816 934 3869 ad
948 3815 1100 3885 epistulam
1117 3813 1239 3884 priorem
1252 3812 1403 3867 Corinthiis
1417 3812 1532 3867 missam

229 3900 358 3967 spectant
376 3902 484 3968 (8‚1o):
504 3896 555 3951 ἐὰν
574 3897 626 3967 γάρ
645 3917 687 3959 τις
705 3896 752 3967 ἴδῃ
772 3895 801 3949 σὲ
826 3896 876 3951 τὸν
901 3895 999 3965 ἔχοντα
1022 3904 1125 3965 γνῶσιν
1148 3893 1183 3948 ἐν
1206 3890 1349 3966 εἰδωλίῳ
1372 3890 1530 3947 κατακεί-

229 3996 345 4046 μενον,
364 3978 426 4048 οίχί
444 3977 461 4047 ἡ
481 3974 638 4048 συνείδησις
656 3978 742 4031 αὐτοῦ
761 3974 902 4037 ἀσθενοῦς
920 3974 1001 4037 ὄντος
1019 3972 1273 4043 οἰκοδομηθήσεται
1292 3972 1332 4035 εἰς
1348 3974 1380 4027 τὸ
1399 3971 1433 4026 τὰ
1452 3974 1531 4027 sirtor-

230 4054 338 4111 λύοντα
364 4054 483 4126 tubicem
508 4057 558 4110 ubi
583 4053 785 4125 κατακείμενον
810 4083 843 4102 =
872 4053 1115 4123 ‘accumbentem
1146 4055 1195 4120 „iel
1219 4059 1258 4108 est
1283 4054 1435 4122 epulantem
1460 4071 1531 4108 more

231 4136 362 4203 Graeco‘ss
380 4136 462 4207 Hugo
482 4136 594 4190 Grotius
614 4137 650 4191 ad
668 4137 768 4191 locum.

324 4218 351 4285 1)
369 4215 404 4269 cf.
424 4215 570 4287 [Venantii
592 4216 752 4287 Fortunati]
772 4214 859 4269 vitam
878 4232 899 4267 s.
918 4212 1047 4267 Medardi
1068 4219 1099 4266 12
1109 4216 1164 4283 (29)
1178 4213 1216 4268 M.
1231 4213 1263 4267 G.
1279 4217 1352 4268 auct.
1367 4213 1407 4267 IV
1421 4220 1436 4266 2
1450 4232 1476 4281 p.
1489 4219 1530 4265 71.

320 4300 346 4365 2)
365 4294 400 4348 cf.
425 4295 462 4349 ib.
486 4312 551 4364 pag.
576 4295 717 4365 superiore
740 4300 881 4362 v.111sq.
907 4294 942 4348 de
964 4293 1134 4364 paralytica:
1158 4300 1293 4363 „tempore
1314 4294 1361 4349 secl
1383 4294 1463 4347 turdo
1485 4299 1531 4359 est,

230 4394 291 4431 cum
309 4378 366 4430 iam
379 4392 439 4443 spes
452 4376 543 4441 fracta
558 4376 663 4442 inseret,
678 4382 740 4430 unte
755 4381 815 4430 tuos
829 4376 973 4429 tumulos
986 4375 1125 4441 vivificata
1138 4380 1269 4440 Μαίονος·
1283 4373 1325 4427 vel
1340 4373 1378 4426 ib.
1392 4391 1416 4425 v.
1434 4379 1529 4439 137sq.

232 4455 266 4509 de
285 4454 391 4510 femina
409 4454 479 4509 item
496 4454 655 4523 paralytica
672 4471 770 4508 manu:
789 4455 995 4522 „commendata
1013 4460 1060 4509 tno
1082 4453 1165 4509 rediit
1186 4454 1321 4508 rnediccna
1343 4453 1531 4521 sepulchro:

229 4536 301 4605 procl
320 4536 353 4590 cle
371 4540 457 4590 matre
474 4536 554 4602 perit,
572 4535 605 4588 rle
624 4536 727 4589 tumulo
745 4536 869 4604 recipit.“
904 4535 937 4588 Id
955 4534 1032 4603 quod
1050 4550 1084 4588 ea
1101 4549 1201 4603 nempe
1219 4550 1256 4586 re·
1268 4532 1436 4601 explicatur,
1455 4531 1530 4599 quod

232 4633 247 4669 e
268 4618 424 4684 martyrum
443 4614 584 4684 sepulcro,
602 4612 632 4667 in
651 4632 706 4682 quc
724 4614 779 4685 ipsi
802 4614 884 4684 quasi
902 4614 1066 4669 habitantes
1084 4613 1295 4683 cogitabantur,
1318 4610 1453 4681 imprimis
1476 4612 1531 4666 vim

235 4695 409 4751 salutiferam
428 4694 502 4751 exire
520 4695 667 4765 putabunt.
1215 4701 1220 4710 '
