3550 5317
263 305 307 368 20
840 302 932 372 Caput
947 302 981 355 Π.

263 465 442 550 Trophonii
480 464 640 549 supplices
684 470 780 530 noctu
826 487 845 527 a
886 464 1012 527 duobus
1058 464 1212 527 tredecim
1259 485 1416 527 annorum
1451 462 1570 545 pueris,

268 586 348 647 quos
366 562 503 629 Hermas
511 563 536 651 ¹)
556 564 721 647 vocabant,
741 563 781 626 ad
799 561 982 645 Hercynam
1000 562 1135 625 fiuvium
1155 560 1353 624 ducebantur
1372 559 1481 643 ibique
1501 560 1571 623 oleo

264 662 304 725 ab
329 662 369 726 iis
392 662 645 747 ungebantur.
692 658 799 747 (Paua.
818 658 866 725 IX
885 658 996 746 311.)

355 848 380 915 1)
401 844 511 915 Quippe
534 845 584 915 qui
602 846 639 899 ad
662 844 766 902 inferos
790 845 988 899 descensurum
1010 846 1219 913 praepararent.
1257 841 1448 911 Trophonium
1474 841 1570 909 aliquo

259 925 348 979 modo
370 925 586 979 cumMercurio
606 925 786 979 coniunctum
806 940 866 978 esse
886 925 1038 993 apparete
1057 922 1197 977 Ciceronis
1216 938 1327 991 quoque
1345 922 1407 975 loco
1425 921 1571 974 notissimo

258 1005 421 1075 (Noniae,
431 1009 484 1074 56),
506 1006 541 1059 de
559 1022 615 1074 quo
634 1005 691 1058 iam
710 1004 821 1073 saepius
836 1002 888 1057 viri
903 1001 981 1058 docti
995 1002 1199 1057 disseruerunt:
1220 1003 1307 1069 „alter
1325 1000 1395 1071 (scil.
1406 1001 1571 1071 Mercurius)

263 1086 387 1139 Valentis
405 1092 429 1140 et
449 1085 593 1139 Coronidis
610 1086 695 1153 filins,
712 1086 738 1140 is
756 1085 805 1153 qni
821 1084 872 1139 snb
887 1085 967 1139 terris
979 1084 1094 1137 kobetrn
1107 1084 1178 1137 iden
1196 1084 1396 1151 Trophonins.“
1422 1080 1467 1151 (cf.
1483 1083 1571 1135 Arno·

258 1164 322 1218 bias
340 1164 379 1219 IV
394 1170 428 1218 14
447 1164 475 1219 C.
492 1164 518 1219 S.
533 1165 564 1220 Ε,
580 1165 609 1219 L.
625 1164 664 1217 IV
677 1183 704 1233 p.
717 1169 780 1218 152:
811 1164 877 1234 „snb
892 1170 965 1218 terra
984 1170 1023 1218 est
1041 1164 1111 1217 ulter
1130 1162 1318 1233 [Mercurius],
1339 1163 1511 1231 Trophonius
1524 1163 1573 1230 qni

259 1262 313 1299 esse
336 1246 494 1314 iactatnr.‘⁴)
536 1245 634 1314 Itaque
664 1243 819 1312 complures
843 1243 997 1298 discrevere
1025 1242 1151 1313 theologi
1174 1242 1335 1310 Mercurios,
1359 1258 1477 1309 quorum
1501 1240 1572 1293 alter

259 1324 336 1377 idem
356 1326 430 1378 esset
448 1341 481 1377 ac
499 1323 683 1394 Trophonius.
720 1324 825 1377 Valens
846 1326 874 1377 et
893 1322 1016 1391 Coronis,
1036 1322 1142 1377 Graece
1156 1320 1247 1392 Ἰσχύς
1265 1324 1294 1376 11
1317 1319 1444 1390 Κορωνίς
1467 1321 1571 1374 Aescu·

259 1403 330 1473 lapii
348 1407 486 1474 parentes.
525 1404 587 1469 Qua
601 1420 635 1457 ex
649 1420 679 1457 re
698 1403 895 1457 concluserunt
908 1403 961 1457 viri
980 1402 1136 1457 doctissimi
1154 1402 1345 1471 Trophonium
1363 1405 1449 1470 atque
1467 1402 1571 1454 Aescu·

259 1483 367 1553 lapium
390 1502 477 1539 unum
501 1484 676 1554 eundemque
699 1482 786 1537 fuisse
805 1483 901 1553 deum,
920 1482 1086 1552 praesertim
1109 1500 1173 1536 cum
1191 1482 1347 1536 Pausanias
1370 1481 1418 1550 (IX
1438 1487 1480 1550 39,
1500 1486 1524 1534 3.
1544 1484 1572 1548 4)

208 1580 210 1585 ·
260 1563 414 1633 Trophonii
440 1567 549 1618 statuas
579 1562 746 1633 Aesculapio
778 1562 936 1616 simillimas
962 1560 1049 1615 fuisse
1072 1562 1205 1616 maderet.
1249 1562 1301 1631 (De
1327 1562 1370 1615 dis
1395 1560 1511 1614 medicis
1535 1561 1572 1614 ad

257 1643 419 1711 Aesculapii
441 1643 656 1699 similitudinem
669 1643 770 1698 effictis
786 1642 820 1697 cf.
835 1660 909 1696 nunc
924 1641 1011 1696 etiam
1024 1641 1188 1695 Reischium
1201 1642 1232 1695 in
1245 1641 1328 1708 libro,
1346 1641 1395 1710 qui
1409 1640 1572 1695 inscribitur

259 1724 445 1792 „Festschrift
461 1726 510 1790 fier
528 1723 695 1789 Bennelorf“
714 1741 741 1792 p.
759 1726 829 1792 145.)
866 1722 894 1777 C.
910 1722 941 1775 0.
956 1720 1075 1774 Mueller
1094 1721 1222 1777 Orchom.
1237 1740 1263 1777 u.
1279 1722 1306 1775 d.
1321 1720 1445 1790 Minyer²
1462 1740 1489 1790 p.
1506 1727 1570 1777 195:

263 1804 335 1871 „(Es
360 1804 396 1857 ist
413 1803 483 1857 wokl
500 1803 744 1871 nalnnkeinlieb),
762 1804 826 1857 dass
844 1802 893 1855 der
910 1801 1066 1869 Asklepios,
1089 1802 1144 1855 den
1161 1802 1206 1855 die
1224 1802 1359 1871 Pklepper
1376 1802 1437 1855 nnd
1456 1803 1572 1871 Minyer

258 1883 404 1949 enekrten,
428 1884 492 1937 eben
518 1884 688 1953 Trepkonios
709 1900 776 1951 war,
799 1883 847 1936 der
869 1882 920 1936 neit
941 1881 1256 1949 Asklepios-Attribnten
1274 1897 1310 1936 an
1328 1881 1469 1936 Lebodeio
1491 1898 1572 1952 anpe-

259 1964 326 2018 betet
343 1964 463 2018 nnrrle.“
499 1963 537 2016 ut
559 1960 634 2016 infra
656 1981 683 2031 p.
700 1968 764 2017 196:
796 1962 880 2032 „(Es)
904 1962 981 2015 kann
1003 1960 1070 2014 riter
1093 1960 1137 2014 die
1159 1963 1367 2032 ursprrlnplicbe
1390 1961 1508 2015 Einbnt
1526 1962 1572 2015 des

259 2044 404 2111 Asklepios
429 2042 477 2097 der
503 2043 637 2113 Pklepper
661 2043 721 2097 nnol
746 2044 793 2097 oles
820 2041 991 2110 Trophonius
1015 2042 1064 2095 der
1090 2043 1205 2111 Minyer
1228 2042 1300 2095 ancli
1323 2042 1400 2095 nieht
1425 2042 1500 2095 neln
1524 2042 1573 2095 der

260 2123 361 2179 leicester
385 2123 496 2189 Zroeisel
526 2124 684 2177 0111111111.ιι
722 2122 772 2176 Cui
796 2120 950 2176 assentitur
974 2120 1058 2174 Wide
1087 2121 1122 2174 de
1151 2120 1238 2175 sacris
1265 2120 1359 2175 Troes.
1384 2139 1412 2189 p.
1432 2127 1475 2175 51,
1514 2120 1572 2174 Nec

258 2217 338 2255 secus
357 2201 509 2256 Thracmer
532 2201 783 2271 (Pauly-Wissovva
803 2220 823 2257 s.
843 2219 869 2256 v.
887 2200 1038 2269 Asklepios
1056 2219 1083 2269 p.
1101 2204 1181 2271 1645)
1195 2203 1348 2255 asseverat:
1373 2201 1529 2269 „Boiotien
1543 2244 1565 2256 ..

259 2282 351 2337 besitrt
375 2326 398 2339 ..
413 2283 452 2337 inv
470 2282 653 2337 lebodeiseken
669 2283 840 2352 Trophonios
858 2283 918 2336 eine
935 2298 988 2336 eon
1002 2281 1100 2335 Haase
1117 2298 1170 2336 ons
1187 2283 1238 2336 mit
1255 2282 1399 2349 Asklepios
1416 2282 1572 2347 1111111111,

259 2379 315 2416 nur
346 2363 414 2429 111111
445 2378 499 2416 oon
526 2363 582 2416 ibn
614 2363 790 2433 obperncipte
817 2363 1002 2432 Localfipnrf‘
1044 2361 1090 2432 (cf.
1119 2361 1238 2416 eundern
1263 2362 1293 2414 in
1321 2360 1455 2416 Bosoheri
1482 2360 1572 2414 lexico

259 2441 316 2510 lp.
333 2447 398 2509 623,
417 2444 471 2511 42.)
513 2441 616 2496 Contra
650 2442 814 2497 Welclrerus
849 2442 1007 2495 Pausaniae
1035 2441 1098 2495 loco
1130 2442 1262 2495 inductus
1291 2441 1482 2509 Trophonium
1510 2440 1573 2495 vult

260 2520 399 2591 intellegi,
422 2522 472 2575 ubi
499 2522 575 2590 apud
598 2522 718 2575 eundem
743 2522 908 2591 scriptorem
927 2521 976 2591 (IV
994 2527 1037 2588 34,
1052 2525 1080 2592 6)
1104 2522 1138 2575 de
1157 2520 1319 2589 Aesculapii
1338 2524 1434 2576 statua
1451 2520 1481 2574 in
1499 2521 1571 2574 Mes-

260 2600 355 2655 seniae
374 2601 479 2670 oppido
504 2601 633 2655 ‘Corone’
654 2602 748 2670 posita
772 2602 883 2656 dicitur.
922 2600 1094 2671 (Zeitschn'ft
1116 2600 1162 2653 1111
1185 2601 1242 2655 alte
1261 2602 1354 2655 Kunst
1371 2602 1384 2654 I
1401 2619 1429 2669 p.
1446 2607 1509 2668 1233
1536 2600 1570 2653 of.

259 2684 317 2736 not.
337 2684 390 2753 39.)
427 2680 508 2746 Quod
532 2681 647 2751 quidem
671 2681 732 2735 fieri
750 2697 807 2735 non
825 2682 927 2749 potest.
965 2680 1039 2734 Nam
1058 2680 1235 2749 Trophonius
1253 2698 1407 2749 numquam
1424 2698 1571 2735 cavernam

262 2776 341 2813 suam
360 2761 570 2815 Lebadeansem
588 2760 713 2830 reliquit,
732 2759 817 2815 immo
835 2762 889 2814 hoc
908 2760 971 2829 ipso
990 2777 1155 2831 germanum
1173 2762 1338 2817 daemonem
1357 2761 1523 2817 chthonium
1542 2778 1571 2815 se

258 2843 436 2909 praestabat,
460 2842 536 2911 quod
559 2842 744 2910 permanebat
763 2840 821 2894 solo
840 2840 1016 2896 Lebadeansi
1040 2842 1200 2897 adstrictus.
1237 2842 1343 2897 Dukeri
1363 2842 1523 2896 coniectura
1541 2842 1572 2895 in

259 2921 382 2990 Ampelii
401 2921 464 2976 libr.
491 2921 642 2975 memorab.
668 2922 733 2975 VIII
752 2927 780 2988 3,
800 2939 856 2990 qua
881 2921 965 2991 Argis
990 2921 1020 2974 in
1045 2921 1131 2990 Epiro
1157 2921 1228 2976 Iovis
1254 2923 1391 2991 templum
1417 2922 1571 2990 Trophonii

260 3001 392 3068 (traditur
411 3001 563 3071 hyphonis:
587 3000 731 3070 Typhonis
751 3000 939 3070 probabiliter
956 3001 1100 3056 Dieterich
1114 3002 1156 3056 De
1175 3002 1287 3071 hymnis
1306 3002 1428 3071 orphieis
1442 3020 1469 3070 p.
1479 3004 1571 3070 46sq.)

261 3081 396 3148 nascitur,
415 3080 472 3134 iam
496 3097 512 3134 a
535 3080 646 3134 Itohdio
671 3081 794 3135 11111111
817 3081 951 3152 (Psyche
968 3082 981 3135 Ι
1001 3088 1050 3136 121
1075 3082 1158 3152 adn.)
1200 3082 1346 3136 Panolhae
1369 3082 1571 3150 explicationes

259 3161 341 3229 (Abh.
367 3161 393 3215 d.
418 3160 489 3217 Berl.
515 3161 605 3216 Ahad.
626 3162 651 3215 d.
672 3161 755 3217 Wiss.
777 3168 845 3215 1848
868 3161 1019 3229 phil-hist.
1043 3162 1086 3215 Kl.
1110 3166 1319 3233 p.111—119),
1342 3162 1391 3230 qui
1417 3162 1571 3216 enummis

259 3240 396 3310 Rheginis
414 3240 518 3311 Rhegii
537 3241 728 3310 Trophonium
747 3241 853 3295 cultum
871 3258 933 3296 csse
951 3240 1117 3295 concludere
1136 3257 1192 3295 non
1212 3242 1362 3310 dubitavit,
1381 3243 1457 3296 omni
1475 3245 1572 3297 carent

259 3320 450 3374 fundamento.
489 3320 586 3388 Neque
609 3337 688 3389 vero,
714 3336 778 3374 mea
801 3320 916 3389 quidem
938 3320 1087 3389 sententia,
1107 3322 1275 3377 contendere
1293 3322 1362 3377 licet
1380 3321 1570 3391 Trophonium

259 3401 469 3455 Lebadeansem
498 3402 584 3469 plane
615 3401 736 3455 eundem
761 3417 821 3455 esse
854 3403 940 3470 atque
967 3401 1174 3470 Aesculapium.
1216 3402 1371 3471 Utrumque
1400 3403 1483 3456 deum
1508 3420 1571 3455 cum

259 3480 396 3535 Mercurio
421 3481 644 3536 contaminatum
664 3497 725 3535 esse
739 3480 784 3551 (01,
800 3482 835 3535 de
848 3485 907 3536 nat.
923 3481 998 3537 deor.
1013 3482 1053 3535 III
1067 3488 1110 3550 22,
1125 3489 1171 3536 57:
1192 3483 1343 3551 ,1111111111
1362 3482 1570 3554 [Aesculapius]

233 3603 235 3607 ,
259 3562 374 3617 secandi
392 3562 530 3617 Mercurii
547 3562 663 3631 frater)
681 3578 738 3615 nou
751 3560 861 3631 mirum,
880 3580 944 3638 cum
958 3564 1068 3617 constet
1081 3579 1138 3617 non
1151 3580 1243 3632 pauca
1257 3564 1410 3617 adhaerere
1424 3562 1570 3630 Mercurio,

227 3654 231 3663 ·
260 3658 332 3709 quae
361 3640 524 3695 chthoniam
551 3640 610 3695 eius
640 3640 777 3711 originem
811 3641 935 3696 dilucide
958 3642 1158 3705 demonstrent.
1185 3642 1317 3698 Mercurii
1343 3642 1442 3695 matris
1469 3659 1571 3696 nomen

258 3726 350 3790 Μαῖα,
377 3721 452 3789 quod
477 3721 554 3775 valet
574 3721 760 3790 ‘matercula',
783 3721 825 3775 nil
849 3720 905 3775 nisi
923 3721 1038 3776 Terram
1062 3726 1182 3777 matrem
1209 3722 1367 3792 significare
1384 3719 1571 3789 probabiliter

259 3801 379 3857 coniecit
394 3801 532 3856 Prellerus
543 3800 663 3873 (Griech.
675 3801 868 3872 Mythologie⁴
881 3802 894 3853 I
907 3819 934 3869 p.
950 3805 1020 3872 390),
1050 3801 1193 3856 Phallicae
1208 3818 1293 3869 quam
1307 3817 1437 3854 vocamus
1451 3803 1569 3854 naturae

257 3882 409 3953 vestigium
428 3886 511 3953 (quae
537 3899 552 3936 e
578 3880 703 3951 Cyllenio
729 3880 867 3936 Mercurio
893 3880 984 3949 phalli
1006 3881 1097 3935 instar
1122 3880 1215 3935 efficto
1241 3880 1334 3943 elucet
1358 3880 1406 3951 [cf.
1432 3881 1568 3936 Artemid.

258 3960 398 4016 Oneirocr.
423 3961 492 4015 145
521 3964 551 4016 et
578 3962 659 4017 Paus.
683 3961 721 4016 VI
740 3967 790 4029 26,
809 3966 838 4029 5,
862 3960 913 4015 ubi
941 3977 997 4014 una
1025 3978 1088 4015 cum
1110 3960 1248 4015 Mercurio
1270 3960 1452 4015 nominantur
1474 3960 1570 4016 Venus

259 4044 288 4096 et
310 4039 532 4112 AesculapiusID
557 4041 693 4096 Itinclrius
717 4041 858 4111 (Religion
882 4041 932 4095 der
957 4041 1094 4096 Hellenen
1112 4040 1126 4094 I
1147 4059 1175 4109 p.
1191 4043 1253 4111 102)
1277 4040 1355 4096 videt
1378 4040 1409 4094 in
1432 4042 1570 4111 edyssa

260 4127 312 4175 339
325 4138 394 4189 sqq,
413 4120 464 4175 ubi
481 4121 636 4175 Mercurius
656 4139 718 4175 cum
738 4122 847 4176 Venere
870 4122 1053 4176 concumbere
1072 4120 1315 4175 vehementissime
1335 4122 1421 4191 cupit.
1457 4123 1569 4176 Addere

258 4201 344 4255 liceat
363 4200 504 4255 Ciceronis
528 4202 621 4255 locum
640 4202 701 4273 (NI)
721 4202 759 4255 III
774 4207 821 4270 22,
836 4203 893 4271 56)ε
927 4202 1104 4269 „Mercurius
1122 4218 1196 4256 unns
1215 4201 1296 4257 Coelo
1306 4208 1397 4273 patre,
1410 4204 1467 4258 Die
1484 4210 1570 4258 notre

257 4288 349 4349 natos,
367 4283 446 4337 enias
460 4283 599 4337 obscenius
617 4283 736 4338 accinta
749 4288 854 4336 notare
872 4283 1003 4349 traditan,
1016 4282 1089 4352 qnod
1103 4288 1214 4349 11111111
1228 4282 1411 4354 Proserpinae
1423 4288 1569 4339 conmotus

256 4364 317 4417 sit.“
347 4362 392 4432 (cf.
411 4362 516 4416 Arnob.
536 4362 573 4415 IV
594 4368 627 4415 14
647 4361 675 4416 C.
691 4362 717 4415 S.
733 4361 808 4415 111.
828 4360 867 4415 IV
884 4379 912 4429 p.
929 4365 1000 4430 152.)
1027 4360 1089 4414 Huc
1107 4362 1249 4430 pertinere
1267 4363 1337 4416 mihi
1356 4363 1473 4429 videtur,
1492 4359 1567 4428 quod

257 4441 425 4496 Plutarchus
449 4442 494 4513 (de
518 4443 553 4497 Is.
573 4444 603 4496 et
626 4441 671 4496 Os.
696 4446 730 4495 68
754 4459 781 4509 p.
797 4445 848 4494 318
859 4440 892 4510 Β)
916 4441 952 4494 de
979 4440 1111 4495 Mercurii
1136 4440 1209 4497 festo
1234 4434 1567 4497 narrat'undevicesimo

259 4522 343 4589 primi
362 4522 465 4576 mensis
485 4522 532 4577 die
550 4522 638 4592 (apud
657 4520 813 4589 Aegyptios
831 4520 973 4591 videlicet)
992 4520 1148 4577 celebrato:
1167 4520 1227 4591 μέλι
1245 4524 1293 4577 καὶ
1311 4530 1396 4576 σῦκον
1414 4518 1567 4575 ἐσθίουσιν.

259 4600 332 4665 Quid
350 4602 406 4657 mel
425 4602 545 4657 valuerit
563 4602 593 4655 in
618 4600 771 4668 chthoniis,
790 4598 967 4654 notissimum
990 4603 1035 4674 (cf.
1055 4604 1129 4657 infra
1147 4622 1175 4672 p.
1190 4606 1243 4672 46).
1281 4609 1365 4656 σῦκον
1384 4599 1567 4654 fecunditatis

257 4680 380 4755 signum)
400 4680 433 4735 cf.
453 4682 615 4737 Friedreich
634 4679 781 4750 Symbolik
800 4684 852 4736 etc.
877 4699 905 4749 p.
921 4687 981 4738 318.
1018 4684 1130 4738 Baccho
1149 4699 1258 4737 sacrum
1276 4682 1344 4735 erat.
1365 4680 1409 4754 (cf.
1425 4680 1568 4735 Bacchum
