3550 5317
245 259 286 322 88
821 253 913 322 Caput
929 253 975 308 IV.

244 422 328 506 πρὸς
351 419 512 502 Ἰωάννην
542 416 597 494 καὶ
624 421 741 501 Κῦρον
768 421 847 493 τοὺς
878 417 1048 503 μάρτυρας
1074 420 1153 492 τοὺς
1186 418 1290 494 ὄντως
1318 416 1470 502 ἀρωγοὺς
1497 415 1552 481 καὶ

245 520 361 602 σώζειν
394 517 569 600 ἰσχύοντας
602 518 756 600 ἔρχεται
786 513 849 579 καὶ
879 522 930 601 τῷ
964 517 1117 580 τούτων
1145 524 1246 602 σηκῷ
1275 517 1552 580 κατακλίνεται

245 617 306 699 τὴν
337 615 449 679 αὐτῶν
481 614 588 700 ῥοπὴν
617 613 837 697 ἐκδεχόμενος.
882 611 920 676 Id
949 634 1075 695 quoque
1105 633 1178 676 cum
1210 613 1337 676 iamatis
1367 611 1552 695 Epidauriis

245 713 366 797 optime
386 713 535 797 concinit,
554 712 639 795 quod
658 712 816 775 intereos
835 711 890 793 qui
909 711 1030 775 morbis
1054 711 1237 775 laborantes
1261 711 1392 775 adibant
1418 733 1552 795 sacrum,

245 812 382 875 feminae
406 813 496 874 erant
520 809 654 892 steriles
678 831 758 891 quae
782 808 911 890 quidem
934 831 954 872 a
972 809 1089 873 sanetis
1108 807 1337 873 fecunditatem
1360 812 1552 891 expeterent.

245 909 284 972 of.
310 907 362 991 34,
377 905 462 970 3537
476 905 512 989 Ο,
543 906 599 970 ubi
628 905 793 971 Dorothea
824 906 979 988 quaedam
1009 903 1052 992 (v.
1076 928 1172 990 supra
1193 929 1223 990 p.
1244 905 1300 993 82)
1332 906 1382 986 de⁴
1397 905 1465 970 filio
1494 928 1552 970 suo

246 1004 397 1089 implorat
429 1008 599 1088 martyres:
629 1005 726 1069 ἄλλαι
755 1016 910 1086 γυναῖκες
940 1003 1039 1068 τέκνα
1075 1005 1118 1087 μὴ
1152 1006 1285 1088 ἔχουσαι
1322 1005 1418 1091 πρὸς
1455 1005 1554 1088 ὑμᾶς

245 1103 568 1186 καταφεύγονσαι
592 1105 812 1186 τίκτουσιν,
836 1101 900 1184 ἐγὼ
924 1099 961 1166 δὲ
983 1107 1050 1166 κτλ.

338 1199 549 1286 Septuaginta
567 1200 623 1264 illa
641 1199 802 1282 miracula,
827 1222 907 1282 quae
926 1200 1022 1264 modo
1041 1200 1314 1284 perlustravimus,
1333 1224 1352 1265 a
1372 1200 1553 1284 Sophronio

248 1298 415 1382 monacho,
440 1299 495 1381 qui
519 1298 685 1363 oculorum
713 1297 825 1362 morbo
857 1298 989 1362 affectus
1017 1298 1057 1361 ad
1081 1297 1156 1381 Gyri
1184 1303 1216 1363 et
1238 1297 1369 1363 Ioannis
1396 1298 1553 1382 templum

247 1397 448 1481 confugerat,
477 1395 612 1460 sanitate
640 1394 800 1482 recepta¹)
828 1396 913 1460 intra
940 1395 1073 1462 alteram
1101 1396 1220 1460 saeculi
1248 1398 1376 1480 septimi
1405 1398 1554 1461 decadem

252 1500 328 1560 sunt
351 1494 530 1578 composita
538 1491 573 1582 2),
596 1495 682 1558 haud
704 1494 800 1579 longe
823 1493 973 1557 videlicet
996 1497 1070 1557 ante
1093 1517 1211 1558 annum
1236 1494 1313 1577 619,
1337 1517 1400 1577 quo
1424 1498 1555 1578 propter

246 1581 416 1657 Persarum
445 1593 643 1656 invasionem
668 1590 867 1674 Sophronius
896 1613 967 1655 cnm
998 1590 1117 1656 Ioanne
1140 1591 1286 1656 Moschio
1314 1592 1555 1675 archiepiscopo

248 1690 379 1773 reliquit
403 1688 596 1775 Aegyptum.
637 1690 817 1773 Dispositio
841 1712 952 1753 eorum
976 1694 1025 1753 est
1043 1689 1133 1754 haec:
1159 1688 1266 1752 1-35
1286 1691 1326 1754 ad
1344 1687 1556 1754 Alexandriae

247 1790 410 1873 pertinent
430 1787 560 1869 incolas,
584 1786 716 1850 36-50
740 1787 779 1850 ad
797 1785 977 1872 Aegyptios
997 1791 1028 1851 et
1046 1787 1174 1872 Libyes,
1198 1787 1330 1852 51—70
1348 1789 1389 1852 ad
1408 1792 1556 1852 externos

248 1885 444 1974 (extremum
467 1885 657 1948 miraculum
683 1885 725 1947 70
749 1885 786 1948 de
806 1885 908 1968 ipsius
928 1883 1100 1969 Sophronii
1120 1887 1283 1950 curatione
1301 1884 1423 1972 refert).
1463 1885 1556 1949 Prae·

252 1988 340 2047 terea
363 1984 448 2046 intra
466 1983 606 2067 primum
626 1987 657 2046 et
676 1983 812 2047 alterum
831 1983 976 2046 ordinem
994 1983 1148 2048 miracula
1166 1985 1212 2047 sic
1230 1985 1314 2048 inter
1334 2006 1367 2049 se
1386 1985 1557 2067 excipiunt,

252 2086 288 2145 ut
311 2081 450 2145 iucunda
474 2081 727 2164 complectantur
749 2078 962 2167 iniucunda3).

338 2178 425 2255 Quae
455 2178 609 2244 miracula
639 2201 701 2262 qua
730 2180 853 2242 ratione
878 2179 942 2242 sint
966 2180 1152 2263 composita,
1176 2202 1370 2263 quamquam
1394 2203 1427 2244 se
1450 2183 1557 2264 ipsum
1643 2185 1648 2193 '

248 2277 389 2342 adfuisse
414 2275 615 2360 Sophronius
639 2277 691 2360 31,
706 2275 828 2340 35240
858 2274 1059 2362 asseverat4),
1083 2278 1203 2360 optime
1223 2278 1315 2342 docet
1334 2277 1558 2364 dignissimum

249 2375 330 2439 illud
354 2375 440 2457 quod
464 2379 730 2439 commemoretur
752 2374 942 2439 miraculum
965 2375 1163 2438 tricesimum
1187 2377 1348 2460 quintum,
1372 2399 1435 2459 quo
1453 2378 1558 2460 prima

250 2474 443 2538 terminatur
467 2473 572 2538 series
618 2471 737 2559 Agitur
764 2475 798 2536 in
824 2474 886 2537 hoc
913 2472 1068 2537 miraculo
1096 2474 1135 2536 de
1163 2473 1321 2538 defixione
1348 2476 1485 2559 magica:
1508 2475 1558 2537 vir

251 2572 381 2655 quidam
409 2572 541 2635 nomine
567 2570 770 2654 Theophilus
798 2570 946 2647 manibus
974 2570 1172 2654 pedibusque
1202 2575 1314 2655 captus
1346 2572 1386 2635 ad
1419 2570 1494 2656 Cyri
1527 2576 1558 2636 et

249 2668 379 2734 Ioannis
402 2670 547 2753 pervenit
575 2690 709 2733 sacrum.
755 2665 922 2754 Apparent
949 2669 978 2731 ei
1005 2672 1163 2752 martyres
1190 2691 1248 2752 per
1275 2671 1436 2734 somnium
1463 2674 1558 2752 atque

252 2768 461 2852 praecipiunt,
485 2771 521 2831 ut
543 2767 647 2851 primo
672 2765 812 2830 diluculo
837 2766 876 2830 ad
899 2789 986 2830 mare
1010 2788 1158 2852 egressus
1181 2789 1253 2830 cum
1273 2768 1440 2851 piscatore,
1464 2791 1558 2850 quem

206 2951 209 2956 ¹
254 2868 288 2931 in
309 2866 404 2931 litore
424 2867 611 2931 inventurus
631 2868 721 2948 esset,
745 2865 884 2948 pretium
903 2866 1125 2948 pacisceretur,
1149 2887 1212 2948 qno
1236 2865 1291 2929 ille
1313 2870 1380 2930 rete
1404 2888 1470 2948 pro¹
1487 2868 1557 2949 ipso

252 2988 351 3048 aquae
362 2966 558 3028 immitteret.
579 2963 671 3040 Quod
683 2966 847 3047 caperetur
859 2963 1029 3026 sanitatem
1045 2965 1107 3047 ipsi
1121 2963 1349 3046 praebiturum.
1369 2964 1557 3027 Mandatum

251 3064 378 3146 perficit
401 3065 559 3147 aegrotus.
605 3061 742 3126 Fiscella
760 3065 867 3124 autem
886 3083 906 3124 a
923 3061 1081 3143 piscatore
1100 3064 1262 3144 protracta
1279 3062 1363 3124 inter
1381 3065 1556 3144 emptorem

252 3165 283 3224 et
306 3160 505 3224 venditorem
529 3160 632 3224 oritur
653 3159 707 3222 lis:
731 3182 834 3242 neque
859 3159 944 3222 enirn
967 3157 1121 3222 fiscellam
1144 3158 1285 3241 piscator
1308 3158 1364 3221 sed
1383 3159 1503 3241 piscem
1524 3181 1557 3222 se

250 3257 431 3322 vendidisse
456 3256 533 3319 dicit
554 3278 658 3338 neque
681 3279 756 3320 vero
781 3259 930 3342 aegrotus
955 3256 993 3319 de
1012 3277 1070 3319 suo
1089 3255 1159 3320 vult
1178 3256 1327 3320 decedere
1347 3256 1424 3320 iure.
1461 3254 1558 3320 Oeco-

250 3377 347 3420 nomo
381 3353 516 3435 denique
549 3352 668 3417 arbitro
702 3358 848 3437 utuntur,
882 3354 938 3436 qui
971 3354 1114 3418 omnium
1150 3354 1290 3437 primum
1323 3355 1439 3437 aperiri
1469 3354 1559 3418 iubet

251 3452 412 3517 fiscellam.
458 3449 624 3516 Invenitur
646 3451 750 3536 figura
773 3475 870 3516 aenea
894 3455 1046 3534 quattuor
1069 3451 1167 3516 clavis
1190 3474 1247 3535 per
1268 3452 1364 3536 pedes
1383 3475 1558 3534 manusque

252 3552 420 3636 transfixa,
444 3549 560 3632 quibus
589 3550 739 3613 extractis
770 3550 893 3634 aegroti
922 3551 1065 3614 membra
1093 3550 1269 3614 solvuntur.
1293 3589 1335 3595 —
1361 3549 1557 3626 Quibuscum

255 3649 399 3714 conferas
424 3671 504 3732 quae
528 3647 613 3734 apud
637 3646 825 3712 Suetonium
848 3647 1001 3730 leguntur
1023 3649 1061 3711 de
1085 3649 1163 3711 viris
1191 3648 1371 3712 illustribus
1399 3673 1429 3733 p.
1451 3649 1557 3730 1228

252 3745 387 3834 Reiff.⁵):
415 3751 543 3826 ,νεύοιεν
571 3747 790 3812 coutroversiae
817 3749 873 3808 out
903 3766 941 3808 ωι
967 3746 1106 3810 historiis
1135 3746 1346 3829 trahebantur,
1378 3747 1459 3811 siout
1483 3767 1559 3810 soce

344 3995 369 4061 1)
389 3990 460 4047 ὅθεν
479 3993 565 4054 εὐθὺς
583 3991 650 4060 μετὰ
669 3991 721 4061 τὴν
744 3990 820 4045 ἴασιν
842 3998 924 4044 τοῦτο
943 3999 1064 4045 ποιεῖται
1088 3994 1135 4062 (sc.
1155 3990 1337 4059 sophronius)
1360 3990 1392 4044 τὸ
1416 3991 1558 4060 σύνταγμα

255 4079 296 4142 ιο,
312 4072 419 4126 acras.

344 4154 370 4222 2)
390 4152 424 4206 cf.
441 4150 513 4220 Spic.
528 4151 606 4205 Rom.
621 4151 660 4204 IlI
674 4171 700 4220 p.
718 4157 802 4220 real
819 4179 853 4200 =
868 4151 963 4220 Migne
981 4171 1007 4220 p.
1024 4157 1102 4218 3438,
1119 4157 1159 4205 18.

343 4234 370 4302 3)
388 4241 447 4295 τοῖς
464 4228 652 4302 ’προλαβοῦσιν
670 4229 749 4300 ἡδέσι
768 4230 803 4284 τὰ
822 4231 950 4300 παρόντα
969 4230 1086 4301 douvra&
1109 4230 1233 4302 (δεκτικὰ
1255 4231 1364 4301 Migne,
1389 4232 1555 4286 ‘mordacia’

256 4315 286 4367 in
305 4312 450 4367 Anastasii
473 4311 716 4380 interpretatione)
740 4311 979 4380 προσποιήσαντες
1001 4310 1105 4379 ἑτέροις
1122 4320 1211 4365 ταῦτα
1229 4321 1359 4381 τερπνοῖς
1378 4313 1558 4382 raynaldum-

255 4413 305 4463 μεν
324 4401 367 4461 32,
383 4393 505 4465 3529)32.
534 4390 623 4461 ἀρχὴν
642 4392 690 4443 καλ
708 4388 784 4455 τέλος
798 4391 879 4462 ἐχέτω
895 4390 1099 4460 φιλάνθρωπον
1118 4397 1161 4462 50,
1177 4392 1280 4446 36080.
1309 4393 1334 4445 A
1347 4391 1512 4446 mulieribus
1526 4392 1556 4445 iu

254 4474 344 4544 primo
364 4473 461 4528 ordine
479 4472 523 4525 bis
541 4470 683 4541 incipitur,
703 4470 736 4526 cf.
754 4477 796 4538 33,
811 4477 880 4526 3532
891 4472 924 4525 A.
952 4471 1023 4543 Bsc.

263 4597 266 4606 .
345 4555 372 4622 4)
391 4553 470 4622 ἡμεῖς
488 4550 519 4606 δὲ
538 4560 590 4607 νῦν
604 4553 645 4616 ,ὡς
662 4549 724 4605 τότε
742 4551 879 4620 παρόντες
898 4554 946 4605 καὶ
964 4552 994 4606 τὸ
1014 4557 1113 4621 θαῦμα
1131 4554 1270 4621 θεώμενοι
1288 4555 1343 4607 κτλ.

345 4635 371 4703 5)
391 4635 494 4688 Locum
513 4632 583 4687 mihi
601 4631 737 4686 indicavit
755 4632 902 4687 Usenerus.
