3550 5317
275 295 318 357 50
848 294 939 363 Caput
956 294 1002 349 ΠΙ.

362 455 461 520 Terra
488 456 600 541 igitur,
630 478 711 539 quae
741 456 811 539 ipsa
845 457 878 519 in
911 455 1049 519 oraculis
1080 456 1146 520 suis
1178 457 1346 521 vaticinari
1377 456 1513 540 solebat,
1544 456 1577 518 in

275 554 436 637 potentias
469 574 542 618 suas
574 553 770 618 distrahitur.
822 553 952 617 Phoebe
982 575 1057 617 sane
1087 553 1127 616 ab
1157 553 1317 637 Aeschylo
1345 555 1417 637 ipso
1452 553 1578 617 videtur

272 652 463 734 interposita
486 673 568 735 esse,
599 673 662 734 qua
685 652 724 715 de
747 673 781 714 re
804 651 868 714 iam
891 654 977 715 recte
1005 650 1158 715 iudicavit
1185 651 1349 716 Bruhnius
1377 652 1411 714 in
1438 650 1577 714 editione

272 747 458 833 Iphigeniae
481 747 634 812 Tauricae
663 747 787 835 (Berlin
818 746 918 833 1894)
942 770 972 831 p.
994 746 1066 811 155.
1112 747 1187 813 Nox
1211 749 1372 833 quomodo
1396 769 1469 812 cum
1492 752 1578 811 terra

273 848 487 931 coniungatur
510 845 603 910 facile
627 845 835 931 intellegitur.
882 845 931 909 De
954 845 1118 909 Themidis
1126 845 1151 932 1)
1174 846 1207 909 vi
1230 846 1384 910 chthonia
1405 846 1478 909 ride
1500 867 1578 909 non-

272 944 361 1007 nulla
384 944 468 1028 apud
497 942 556 1007 Ed.
582 942 726 1007 Gerhard
754 943 820 1007 Das
850 940 968 1006 Orakel
996 943 1051 1006 der
1078 941 1209 1007 Themis
1237 942 1281 1030 (6.
1300 943 1578 1007 Winclrelmanns-

272 1063 457 1127 programm
473 1041 584 1105 Berlin
599 1038 699 1127 1846)
716 1064 746 1123 p.
764 1040 805 1103 10
823 1041 920 1103 1142.
952 1038 1105 1104 Welcker
1120 1039 1245 1105 Griech.
1260 1038 1394 1104 Giitterl.
1412 1039 1428 1104 I
1443 1039 1576 1125 325,28.

273 1138 416 1203 Gerhard
438 1138 458 1203 l.
478 1160 501 1201 s.
521 1138 653 1201 adnotat
680 1159 719 1200 ex
747 1136 839 1201 Paus.
859 1136 905 1201 IX
925 1137 1011 1221 22,1
1041 1136 1228 1202 Themidem
1257 1160 1330 1202 cum
1352 1138 1477 1202 Venere
1505 1159 1577 1201 con-

272 1236 413 1299 iunctam
437 1257 519 1318 esse,
546 1236 644 1299 addas
666 1234 760 1298 Paus.
779 1234 811 1297 Π
830 1236 882 1318 27,
897 1233 928 1315 5,
950 1234 1007 1298 ubi
1035 1234 1170 1299 Veneris
1198 1240 1231 1299 et
1258 1235 1423 1300 Themidis
1452 1256 1577 1299 sacrum

272 1332 482 1417 Epidaurium
501 1335 777 1397 commemoratur.
803 1333 977 1415 Εὔβουλος
988 1330 1120 1396 Themis
1134 1333 1319 1397 nominatur
1333 1333 1424 1397 Pind.
1435 1331 1484 1397 Ol.
1497 1333 1576 1417 13‚8

271 1429 382 1494 Isthm.
400 1428 484 1517 7(8),
499 1430 555 1512 32,
587 1430 674 1513 quod
703 1451 880 1514 cognomen
909 1430 1041 1493 deorum
1064 1429 1292 1495 chthoniorum
1314 1431 1481 1514 proprium
1509 1451 1577 1495 esse

272 1532 405 1591 constat.
443 1526 611 1611 Olympiae
634 1527 718 1590 inter
740 1549 828 1591 aram
852 1526 970 1591 Terrae
993 1532 1026 1591 et
1044 1550 1132 1591 aram
1151 1527 1238 1592 Iovis
1262 1528 1474 1610 Καταιβάτου
1496 1527 1576 1590 The

270 1625 365 1689 midis
394 1626 511 1689 dicitur
533 1624 632 1689 fuisse
656 1646 723 1688 ara:
749 1624 839 1688 Paus.
867 1624 898 1688 V
919 1622 1068 1711 14102).
1118 1624 1167 1689 De
1190 1624 1487 1709 Paus.V11125,7
1512 1647 1576 1689 non

270 1872 440 1924 exstructum
464 1886 571 1925 summo
596 1870 626 1922 in
649 1869 784 1935 Taenaro,
805 1870 854 1923 ubi
873 1870 968 1924 aditus
991 1873 1073 1939 patet
1096 1870 1133 1923 ad
1155 1870 1275 1936 inferos,
1298 1870 1424 1939 Neptuni
1446 1869 1577 1923 exstabat

272 1953 374 2005 statua.
403 1950 490 2003 Terra
509 1952 537 2003 et
556 1949 706 2019 Neptunus
726 1949 868 2003 coniuncti
888 1950 963 2018 apud
982 1949 1112 2004 Philostr.
1133 1949 1164 2005 V.
1184 1949 1276 2019 Apoll.
1292 1949 1418 2019 V141p.
1434 1948 1575 2015 252,6K.:

271 2040 387 2099 σεισμῶν
406 2029 438 2083 δὲ
456 2026 652 2100 κατασχόντων
671 2028 737 2083 ποτὲ
756 2028 806 2091 τὰς
824 2032 855 2084 ἐν
873 2034 911 2100 τῷ
930 2029 1064 2101 ἀριστερῷ
1084 2026 1277 2101 Ἑλλησπόντῳ
1299 2027 1409 2096 πόλεις,
1432 2028 1576 2099 Αίγόπτιοι

270 2110 320 2179 μέν
338 2111 386 2164 καί
405 2112 544 2163 Χαλδαῖοι
562 2111 627 2177 περὶ
646 2108 733 2171 αότδις
752 2106 896 2179 ἠγείροντο
910 2108 980 2176 ὑπέρ
999 2109 1130 2179 ξυλλογῆς
1143 2107 1291 2178 χρημάτων
1305 2109 1343 2170 ὡς
1356 2107 1577 2170 δεκαταλάντους

269 2188 372 2252 θυσίας
391 2194 436 2260 Γῇ
455 2191 503 2243 καλ
523 2191 718 2243 Ποσειδῶνι
736 2189 879 2251 θύσοντες.
917 2189 958 2241 De
976 2190 1069 2242 terrae
1087 2190 1116 2242 et
1135 2205 1226 2256 aquae
1243 2187 1419 2255 numinibus,
1438 2188 1576 2256 quomodo

270 2269 344 2323 inter
367 2284 397 2321 se
425 2267 609 2333 misceantur,
632 2267 697 2321 vide
728 2286 803 2322 nunc
828 2268 966 2321 nonnulla
991 2269 1066 2337 apud
1091 2267 1275 2322 Boehlavium
1301 2267 1576 2338 ‘Schlangenleibige

268 2348 429 2417 Nymphen’
449 2347 549 2401 Philol.
568 2353 635 2400 1898
655 2366 681 2416 p.
693 2353 814 2417 513sqq.
836 2381 868 2389 --
893 2347 1006 2401 Themis
1027 2351 1092 2417 post
1114 2348 1208 2417 ipsum
1231 2348 1394 2417 Neptunum
1416 2348 1577 2402 nominatur

270 2428 344 2498 apud
363 2428 427 2482 Hes.
447 2427 551 2496 Theog.
569 2433 601 2480 15
612 2444 652 2495 sq.

356 2511 384 2577 2)
403 2510 435 2577 (v.
455 2522 519 2577 pag.
544 2509 599 2575 49.)
641 2507 785 2561 Themidis
809 2525 874 2578 pars
903 2508 978 2561 dono
1005 2507 1091 2561 datur
1124 2507 1263 2577 Apollini,
1292 2507 1425 2576 Neptuno
1447 2524 1498 2576 pro
1525 2524 1576 2561 sua

269 2587 400 2642 Calauria
418 2587 510 2640 insula
528 2587 657 2641 traditur.
687 2588 720 2641 cf.
738 2588 822 2641 schol.
839 2588 917 2640 Eum.
934 2593 975 2640 27.

361 2670 386 2737 1)
405 2666 518 2720 Themis
537 2666 711 2720 vaticinandi
731 2670 820 2720 artem
834 2667 953 2721 invenit:
969 2667 1062 2734 hymn.
1079 2665 1164 2735 Orph.
1185 2669 1285 2737 79178),
1296 2673 1320 2721 3.
1340 2666 1447 2721 Diodor
1461 2667 1538 2737 Vtt,
1549 2675 1575 2721 4.
1617 2661 1619 2663 ’

268 2747 383 2817 Delphis
407 2746 589 2803 vaticinatur:
613 2747 639 2800 h.
663 2745 747 2816 Orph.
768 2746 786 2801 l.
807 2765 827 2801 s.
843 2765 868 2800 v.
884 2754 908 2801 4.
936 2747 1089 2800 Menander
1107 2747 1172 2814 περί
1196 2746 1269 2800 ἐπιδ.
1290 2765 1317 2816 p.
1328 2753 1390 2816 441,
1401 2753 1435 2800 28
1455 2747 1575 2817 Spengel

269 2856 302 2873 =
321 2846 347 2896 p.
365 2833 414 2880 147
434 2827 560 2880 Bursian.
594 2826 723 2895 Apollod.
738 2827 750 2879 I
765 2833 790 2895 4,
808 2833 831 2895 l,
842 2833 866 2881 3.
896 2826 1030 2879 Themist.
1050 2828 1120 2880 orat.
1142 2832 1184 2893 24,
1200 2831 1251 2879 305
1262 2843 1287 2880 a.
1316 2826 1364 2880 Ov.
1380 2827 1446 2881 Met.
1461 2827 1500 2881 IV
1514 2833 1574 2881 642.

268 2907 413 2961 Phoebum
432 2906 605 2961 vaticinandi
625 2910 714 2960 artem
733 2908 828 2962 docet:
848 2908 875 2960 h.
897 2905 981 2975 Orph.
996 2924 1021 2961 v.
1038 2912 1061 2959 6.
1083 2905 1234 2959 Oracnlum
1257 2905 1425 2975 Delphicum
1448 2907 1575 2975 Pythone

268 2987 416 3041 interfecto
435 2986 567 3055 custodit,
586 2986 653 3039 dum
672 2986 773 3056 Apollo
792 3003 891 3040 novem
912 3003 1048 3039 annorum
1066 3002 1232 3055 magnorum
1245 2986 1369 3054 periodis
1383 2986 1469 3057 ἁγνός
1482 2987 1574 3041 factus

271 3067 319 3122 sit:
339 3067 412 3121 Plnt.
433 3068 468 3120 de
487 3067 542 3120 def.
563 3084 600 3120 or.
619 3084 646 3134 p.
662 3066 752 3121 4210.
790 3066 853 3132 Una
876 3083 940 3119 cum
963 3065 1093 3135 Apolline
1117 3066 1262 3119 oraculum
1283 3065 1421 3121 instituit:
1446 3067 1574 3136 Ephorus

270 3147 344 3217 apud
364 3147 454 3201 Strab.
471 3146 508 3199 IX
524 3152 704 3214 3,11p.422.
725 3145 837 3199 Themis
855 3146 885 3197 in
904 3144 1016 3213 tripode
1035 3145 1135 3198 sedens
1153 3145 1266 3198 nomine
1281 3146 1423 3215 adscripto
1442 3146 1471 3198 in
1486 3146 1573 3214 cyliee

268 3226 449 3294 Berolinensi,
468 3245 491 3279 v.
512 3225 641 3278 tabulam
660 3225 739 3293 apud
763 3224 948 3278 Gerhardium
971 3224 1028 3278 Das
1053 3223 1156 3277 Orakel
1181 3226 1206 3279 d.
1227 3224 1348 3279 Themis.
1368 3258 1402 3266 -
1421 3223 1574 3295 μελλόντων

267 3304 353 3374 θέμιν
367 3307 464 3375 εὐσεβῆ
485 3313 617 3374 χρησμοῖς
634 3306 682 3373 (sc.
698 3303 845 3374 έποιχνεῖς)
858 3304 953 3373 hymn.
968 3302 1067 3372 Delph.
1083 3304 1159 3371 apud
1173 3303 1300 3357 Orusium
1314 3304 1377 3375 (Die
1392 3305 1575 3373 delphisohcn

267 3386 398 3454 Hymnen
416 3383 570 3453 Gdttingen
595 3387 674 3452 1894)
697 3384 758 3437 114
769 3402 808 3452 sq.
829 3384 862 3438 of.
888 3384 1134 3454 προφητεύσαντα.
1151 3381 1275 3453 ..θέμιν
1303 3394 1362 3447 τοῖς
1384 3382 1515 3455 Ἕλλησιν
1538 3386 1572 3438 de

268 3464 410 3533 Apolline:
428 3463 569 3516 Himerius
588 3465 657 3518 orat.
673 3463 736 3517 XIV
752 3470 792 3519 10.

357 3547 385 3613 2)
403 3544 450 3597 ἐπὶ
469 3540 500 3596 δέ
518 3547 556 3615 τῷ
579 3541 669 3615 Γαίῳ
683 3542 843 3615 καλουμένῳ
858 3541 949 3615 βωμός
963 3543 1036 3598 ἐστιν
1051 3541 1096 3596 ἐπ’
1113 3544 1188 3616 αὐτῷ
1203 3549 1276 3614 Γῆς,
1290 3543 1394 3614 τέφρας
1412 3546 1460 3598 καλ
1480 3541 1573 3607 οὗτος·

267 3624 300 3678 τδι
316 3622 348 3677 δέ
368 3622 407 3677 ἔτι
425 3620 593 3693 ἀρχαιότερα
607 3625 655 3677 καὶ
670 3632 831 3691 μαντεῖον
843 3632 893 3692 τῆς
907 3628 963 3692 Γῆς
977 3621 1080 3677 αὐτόθι
1094 3620 1167 3679 εἷναι
1177 3622 1311 3694 λέγουσιν.
1327 3624 1373 3677 ἐπὶ
1392 3622 1423 3676 δέ
1441 3632 1491 3677 τοῦ
1510 3623 1573 3677 όνο-

268 3701 423 3772 μαζομένου
437 3701 590 3772 Στομίου
606 3700 728 3771 Θέμιδι
746 3703 761 3757 ὁ
776 3702 868 3773 βωμὸς
881 3701 1040 3773 πεποίηται.
1058 3712 1108 3756 τοῦ
1122 3703 1154 3757 δέ
1168 3702 1386 3774 Καταιβάτου
1406 3701 1487 3763 Διὸς
1505 3720 1571 3770 προ-

269 3782 399 3853 βέβληται
415 3781 469 3854 μὲν
486 3780 667 3853 πανταχόθεν
686 3781 739 3849 πρὸ
763 3789 813 3834 τοῦ
832 3784 926 3852 βωμοῦ
945 3781 1074 3852 φράγμα,
1093 3782 1149 3836 ἔστι
1168 3782 1199 3836 δέ
1217 3782 1288 3851 πρὸς
1305 3787 1343 3853 τῷ
1361 3783 1442 3853 βωμῷ
1459 3786 1497 3852 τῷ
1515 3780 1572 3835 ἀπὸ

268 3872 317 3932 τῆς
334 3861 439 3931 τέφρας
456 3867 494 3935 τῷ
513 3862 628 3935 μεγάλῳ.
666 3862 758 3915 Iovem
775 3850 939 3930 Olympium
958 3862 1123 3916 chthonium
1140 3862 1224 3916 initio
1245 3860 1332 3913 fuisse
1350 3859 1498 3930 probabile
1521 3863 1572 3927 est,

268 3961 291 3997 v.
311 3943 342 3996 Ε.
362 3941 473 3995 Curtius
492 3942 666 4011 Peloponnes
680 3942 706 3995 Π
720 3946 761 3996 53.
786 3947 845 4009 110,
860 3945 894 3994 55
909 3942 954 4011 (of.
964 3942 1096 3995 Welcker
1111 3942 1156 3996 Gr.
1173 3941 1290 3995 Gotterl.
1305 3942 1318 3992 I
1332 3943 1404 4009 324).
1425 3939 1572 4009 Olympiae

268 4021 399 4074 exstabat
423 4021 581 4075 Pausaniae
604 4021 776 4090 temporibus
801 4037 851 4074 ara
875 4021 947 4074 Iovis
972 4019 1132 4091 ἐπωνυμίαν
1160 4018 1289 4075 Χθονίου
1307 4020 1343 4091 (V
1359 4026 1401 4087 14,
1416 4023 1451 4088 8),
1475 4021 1509 4076 cf.
1533 4019 1571 4076 ib.

269 4101 350 4166 V14,
361 4107 385 4156 2.
415 4100 494 4165 Quod
511 4102 548 4154 ad
562 4102 654 4155 locum
672 4102 755 4155 modo
775 4101 947 4171 descriptum
964 4101 1095 4173 pertinet,
1114 4098 1229 4169 στόμιον
1249 4099 1441 4170 Trophoniani
1461 4118 1572 4169 quoque

270 4180 345 4234 antri
364 4180 458 4234 aditus
478 4180 640 4249 saepissime
660 4181 829 4249 appellatur,
848 4200 872 4235 v.
892 4181 966 4235 inter
985 4182 1043 4236 alia
1061 4182 1142 4235 Pans.
1162 4181 1201 4233 IX
1216 4187 1311 4250 39,11.
1335 4182 1410 4235 Nax.
1424 4181 1488 4249 Tyr.
1505 4180 1570 4236 diss.

272 4268 313 4331 14,
328 4267 353 4314 2,
380 4260 465 4315 schol.
485 4261 531 4313 Ar.
547 4260 620 4315 Nub.
636 4267 688 4313 508
703 4261 735 4315 V.
760 4261 835 4316 Suid.
859 4280 878 4317 s.
900 4280 926 4316 v.
944 4264 1113 4331 Τροφώνιος.
1133 4261 1297 4330 Apostolius
1317 4261 1394 4315 XVII
1409 4267 1442 4314 30
1461 4260 1572 4330 (Parce-

267 4340 426 4411 miographi
444 4341 470 4394 Π
483 4344 554 4410 694).
580 4340 761 4411 Καταιβάτου
780 4342 861 4413 Διὸς]
880 4342 1061 4413 Καταβάσιου
1075 4358 1177 4395 nomen
1192 4341 1298 4396 oraculi
1314 4340 1469 4410 Trophonii
1484 4341 1570 4395 schol.

269 4423 315 4475 Ar.
336 4421 409 4475 Nub.
429 4421 446 4476 l.
467 4438 487 4475 s.
508 4421 585 4474 Snid.
603 4420 622 4475 l.
643 4438 664 4474 s.
683 4421 808 4489 Apostol.
828 4421 846 4477 l.
866 4439 886 4476 s.
908 4421 988 4486 Quod
1007 4423 1044 4475 ad
1063 4421 1180 4492 φράγμα
1204 4421 1322 4490 attinet,
1340 4419 1483 4491 περίβολοι
1507 4438 1571 4474 οοα-

268 4502 334 4557 ferri
352 4504 478 4571 possunt,
498 4502 570 4555 alter
588 4501 662 4569 apud
681 4500 756 4554 idem
775 4501 920 4556 oraculum
938 4501 1091 4572 Trophonii
1108 4503 1201 4573 (Pana.
1216 4502 1254 4555 IX
1268 4508 1311 4570 39,
1321 4505 1356 4571 9),
1377 4502 1448 4555 alter
1462 4501 1492 4553 in
1510 4500 1571 4554 loco

268 4599 355 4648 sacro,
374 4582 424 4636 ubi
442 4581 630 4652 Amphiaraus
649 4583 725 4635 terra
743 4582 891 4637 devoratus
910 4598 970 4636 esse
990 4583 1151 4650 dicebatur,
1177 4582 1251 4635 inter
1268 4580 1384 4635 Potnias
1408 4583 1438 4634 et
1460 4580 1571 4634 Thebas

266 4663 358 4733 (Paua.
374 4663 412 4715 IX
427 4668 452 4731 8,
462 4668 496 4733 3).
