3550 5317
485 340 576 409 Caput
593 340 638 393 III.
667 338 708 392 De
728 338 850 392 carmine
868 337 1004 407 Delphico
1022 336 1183 406 Euripidae.
1445 335 1488 398 49

745 536 866 621 Caput
889 534 945 600 ΠΙ.

539 680 585 746 De
609 678 752 746 carmine
775 678 931 765 Delphico
955 677 1141 764 Euripides.

277 814 463 901 Iphigeniae
486 813 639 878 Tauricae
667 812 859 895 Euripideae
889 811 1044 875 stasimon
1075 810 1207 873 tertium
1231 806 1490 895 (isal—1283),

191 913 277 996 quod
296 914 330 977 in
352 913 414 977 hoc
438 912 578 996 capitulo
603 933 712 975 sumus
735 910 913 994 tractaturi,
935 909 1048 991 hymni
1072 908 1173 972 instar
1193 905 1377 991 Apollinem
1405 908 1490 969 canit

190 1014 318 1093 partum
341 1010 547 1094 Delphosque
575 1008 614 1073 ab
645 1030 682 1072 eo
712 1011 891 1091 occupatos.
943 1005 1046 1070 Cardo
1076 1006 1122 1073 rei
1152 1007 1187 1069 in
1214 1026 1324 1089 pugna
1354 1006 1492 1067 vertitur

190 1107 275 1171 inter
298 1105 482 1191 Apollinem
515 1105 700 1191 Olympium
730 1110 762 1169 et
789 1104 921 1169 Terram
948 1103 1086 1167 Matrem
1121 1103 1159 1166 de
1192 1102 1393 1166 oraculorum
1417 1102 1491 1164 sede

191 1210 309 1269 exorta.
358 1204 515 1269 Carminis
540 1203 709 1287 dispositio
733 1202 874 1267 breviter
897 1200 987 1265 haee:

748 1335 763 1400 I
787 1333 928 1419 Stropha

339 1426 458 1519 Apollo
482 1435 556 1499 Deli
579 1436 613 1498 in
636 1434 742 1498 insula
763 1434 907 1498 nascitur

340 1537 483 1596 amatre
507 1534 540 1595 in
564 1535 706 1595 montem
729 1530 924 1595 Parnassum
947 1534 1095 1613 portatur
1201 1552 1205 1558 ·

339 1630 521 1713 Pythonem
545 1629 666 1693 oraculi
689 1628 835 1692 chthonii
858 1631 999 1692 tutorem
1022 1628 1174 1691 interficit

342 1727 505 1791 oraculum
530 1730 664 1809 occupat

705 1822 737 1887 Π
760 1821 975 1908 Antistropha

339 1920 470 1986 Themis
493 1921 533 1985 ab
558 1920 686 1985 oraculo
709 1925 892 1985 removetur

281 2120 301 2182 3
340 2116 439 2181 Terra
462 2115 647 2201 Apollinem
671 2116 799 2181 oraculo
824 2117 930 2199 privat
1039 2148 1042 2151 ·

279 2213 315 2300 4)
339 2213 483 2297 Iuppiter
506 2237 579 2278 eum
602 2215 744 2278 restituit

262 2309 376 2394 Pugna
403 2310 459 2373 illa
486 2311 570 2374 inter
596 2310 782 2394 Apollinem
810 2315 842 2375 et
868 2310 1000 2375 Terram
1024 2312 1155 2393 eiusque
1184 2310 1345 2394 potentias
1373 2313 1493 2392 exorta,

80 2410 81 2414 ’
193 2429 274 2491 quae
296 2429 368 2471 meo
392 2408 521 2491 quidem
540 2408 657 2471 iudicio
677 2407 724 2471 nil
742 2407 804 2471 nisi
824 2408 958 2472 duarum
977 2408 1170 2493 religionum
1190 2430 1378 2471 coneursum
1397 2407 1494 2489 signi-

192 2504 276 2591 ficat,
300 2506 333 2568 in
357 2506 495 2569 carmine
514 2504 690 2589 Euripideo
713 2505 861 2570 videlicet
884 2509 933 2569 est
956 2505 1117 2569 distracta.
1161 2504 1246 2570 Nam
1269 2527 1342 2568 cum
1365 2526 1494 2568 eonsen-

192 2608 322 2667 taneum
346 2604 388 2667 sit
410 2626 450 2667 ex
476 2626 541 2667 uno
565 2604 788 2667 tantummodo
817 2608 890 2667 actu
914 2602 1002 2667 illius
1024 2624 1159 2687 pugnae,
1183 2601 1344 2685 Apollinis
1372 2602 1494 2665 seilicet

193 2700 338 2785 victoria,
357 2699 472 2765 exiisse
490 2700 616 2764 fabulas
630 2700 803 2784 Delphicas
819 2702 856 2764 de
870 2701 1018 2783 Pythone
1037 2701 1205 2764 interfecto
1220 2700 1363 2785 traditas,
1383 2699 1494 2782 ampli-

193 2797 337 2862 ficationi
359 2799 529 2881 posteriori
552 2801 627 2862 suut
649 2797 820 2862 tribuenda
843 2820 880 2862 ea
903 2798 1045 2882 quidem,
1073 2820 1154 2881 quae
1177 2798 1216 2861 de
1244 2796 1364 2881 duplici
1387 2794 1494 2879 Olym-

192 2895 321 2978 piorum
344 2896 479 2959 victoria
501 2896 716 2978 proferuntur.
763 2894 889 2959 Similia
912 2896 1008 2959 etiarn
1035 2895 1099 2958 alio
1127 2895 1198 2959 loco
1222 2898 1406 2958 occurrunt:
1430 2894 1494 2957 iam

194 2992 232 3055 de
255 2993 325 3075 ipso
350 2993 480 3057 dearum
508 2993 631 3077 ordine,
659 3015 740 3076 quae
768 2996 841 3057 ante
863 2992 1050 3076 Apollinem
1080 2992 1243 3056 oraculum
1271 2991 1494 3075 possedebant,

196 3111 293 3171 quam
316 3090 467 3175 ambigua
489 3091 667 3174 tradantur,
690 3091 798 3155 videas
821 3113 860 3155 ex
882 3091 948 3154 his:

643 3223 757 3288 Aesch.
781 3223 916 3287 Flumen.
943 3224 1040 3307 lsqq.

343 3312 441 3378 Terra

342 3409 472 3475 Themis
495 3410 563 3474 filia
585 3410 654 3474 eius

286 3311 320 3399 1)

283 3409 319 3496 2)

284 3506 320 3593 3)
343 3507 471 3571 Phoebe
496 3506 653 3571 Chthonis
676 3507 744 3571 filia
767 3507 835 3571 sine
858 3508 925 3571 ulla
947 3507 982 3570 vi>
1002 3508 1194 3591 inaugurate

283 3602 320 3691 4)
343 3603 502 3688 Phoebus,
525 3605 577 3667 cui
599 3603 729 3668 Phoebe
752 3605 851 3668 tradit
874 3604 1037 3669 oraculum

489 3736 687 3821 Hypothesis
710 3737 801 3800 Pind.
824 3737 920 3821 Pyth.
939 3762 969 3821 p.
984 3739 1048 3802 297
1072 3737 1204 3801 Boechh

286 3824 319 3913 1)
342 3825 417 3891 Nox

285 3922 321 4011 2)
345 3923 474 3989 Themis

509 4020 632 4086 Musaei
656 4021 828 4104 Eumolpia
851 4022 938 4104 apud
959 4021 1053 4085 Paus.
1072 4020 1102 4084 X
1120 4021 1184 4105 5,6

287 4116 320 4205 1)
343 4118 442 4182 Terra
655 4123 692 4183 et
882 4117 1087 4205 Neptunusl)

284 4214 320 4303 2)
344 4215 474 4280 Themis
497 4214 630 4302 (tradita
652 4216 769 4280 Terrae
792 4213 898 4302 parte)
982 4214 985 4303 l

347 4311 983 4347 s-——qf-——d

285 4356 321 4445 3)
583 4358 702 4442 Apollo
710 4356 736 4445 8)

286 4554 311 4623 1)
330 4551 371 4605 De
385 4552 517 4620 Neptuno
532 4552 600 4620 quid
616 4569 679 4605 cum
693 4551 806 4606 oraculo
820 4550 956 4621 Delphico
970 4552 1109 4620 habuerit,
1124 4551 1196 4606 nihil
1210 4551 1336 4606 volumus
1351 4549 1493 4606 adnotare¹

197 4632 298 4701 Delphi
316 4634 397 4701 pater
415 4631 577 4685 nominatur
596 4632 680 4687 schol.
701 4632 799 4687 Aesch.
819 4631 999 4703 Eum.2(16).
1028 4632 1097 4686 Cum
1110 4633 1197 4686 Terra
1211 4630 1338 4685 nonnihil
1351 4647 1495 4684 commune

198 4726 260 4763 eum
283 4711 416 4765 habuisse
441 4712 534 4765 elucet
557 4728 572 4766 e
599 4712 839 4782 Paus.ll125,4:
864 4713 930 4765 ante
956 4712 1093 4780 templum
1120 4711 1149 4764 in
1182 4710 1255 4764 antri
1283 4710 1496 4764 similitudinem

251 4810 394 4864 Deubner,
409 4811 437 4851 de
452 4812 605 4852 incubatione.
1267 4806 1284 4853 4
