3550 5317
864 317 958 387 Caput
976 320 995 371 Ι.

349 475 399 530 ubi
413 476 516 531 dicitur
525 476 650 548 Iuppiter
657 479 840 548 „Perpamcoo
854 478 971 533 ι’κύιοεεε
984 480 1084 545 δουιοε,
1093 479 1143 533 abi
1155 480 1293 534 mocimus
1305 481 1395 549 aegris
1410 480 1415 547 Ι
1431 481 1585 535 auxiliator

349 557 426 611 adeat
448 564 473 611 ot
494 558 659 624 fostiaomia
680 558 777 613 είείεκε
793 560 797 626 Ι
812 558 875 625 sata
897 559 1041 625 salutifero
1064 559 1157 614 mitio
1178 560 1246 615 δοκε
1271 560 1384 615 araba
1402 560 1516 629 anguif‘
1551 560 1584 613 In

344 634 504 705 Ἀσκληπιός
521 637 634 692 nomine
653 636 711 691 iam
730 637 767 691 ab
785 637 912 705 antiquis
935 637 1018 707 ἤπιος
1041 637 1211 693 adieetivum
1233 637 1464 693 subaudiebatur.
1502 638 1583 693 Simi-

348 715 414 770 liter
442 716 477 770 de
504 716 649 787 Sarapidis
676 717 788 771 nomine
811 717 1330 788 Plur.1)01s.010s.aep.aern=
1358 718 1411 787 ἐγὼ
1429 716 1471 787 δέ,
1489 719 1515 773 εί
1533 717 1583 787 μὲν

349 795 500 865 Αἰγύπτιόν
515 797 571 852 ἐστι
585 798 708 866 κούνομα
722 806 772 852 τοῦ
791 795 964 866 Σαράπιδος,
979 798 1196 867 εὐφροσύνην
1215 798 1284 853 αύτὸ
1298 800 1403 867 δηλοῦν
1421 796 1516 866 οἴομαι
1534 800 1583 853 καί

348 877 572 946 χαρμοσύνην.
614 877 674 933 Ael.
698 878 801 947 Aposp.
828 877 915 933 soii.
953 877 1076 947 effigiem
1099 877 1246 947 describit,
1276 876 1326 931 ubi
1348 879 1582 939 ταῖς...ύιιο-

350 957 489 1025 μειδιῶν
523 974 586 1010 eum
613 957 783 1027 Aesculapio
815 957 989 1027 Theopompi
1023 958 1132 1027 aegroti
1159 957 1233 1013 lecto
1261 957 1382 1013 adsistit.
1423 958 1583 1012 Memineris

348 1035 510 1105 Aesculapii
528 1036 644 1106 effigies.
681 1036 723 1091 De
741 1037 909 1093 Protesilao:
929 1037 1081 1107 φαιδρὰν
1100 1037 1131 1092 a
1150 1036 1242 1107 ὀφρύν
1260 1039 1323 1106 περὶ
1341 1037 1373 1092 ιδ
1392 1037 1468 1107 ύμμα
1486 1036 1582 1111 βέβλη-

249 1108 251 1114 ’
348 1135 404 1182 ται,
426 1115 529 1185 τὸγὰρ
549 1115 688 1187 ἐπίχαρι
710 1117 784 1189 αύτῷ
804 1115 1027 1188 φίλον....φεύ
1045 1126 1101 1172 τῶν
1120 1117 1277 1186 ὀφθαλμῶν
1295 1118 1333 1180 ὡς
1350 1116 1537 1188 ἐπαφρόδιτοί
1554 1137 1584 1172 τε

350 1197 397 1250 καὶ
421 1198 526 1265 φιλικολ
550 1194 710 1266 φαίνονταιΙ
724 1197 855 1251 Philostr.
874 1197 983 1252 Heroic.
1000 1203 1052 1252 673
1070 1216 1097 1267 p.
1115 1202 1174 1265 141,
1189 1203 1236 1265 283
1262 1196 1296 1251 cf.
1312 1194 1407 1264 ίλαρύς
1430 1197 1465 1251 de
1484 1198 1583 1251 ecdem

352 1281 404 1331 674
422 1294 449 1345 p.
466 1283 525 1346 142,
540 1282 582 1332 30.
612 1275 775 1346 μειδίαμα
798 1279 862 1346 περὶ
879 1278 932 1347 τὴν
950 1276 1042 1348 ὀφρύν
1061 1277 1096 1341 de
1110 1277 1297 1346 nympharum
1316 1276 1427 1344 statuis,
1442 1294 1514 1345 quae
1532 1295 1583 1347 per

348 1373 475 1411 somnum
493 1374 629 1427 apparere
648 1358 785 1427 solebant,
803 1358 916 1428 Longus
935 1358 967 1411 D.
988 1360 1017 1412 et
1035 1357 1127 1429 chii
1145 1364 1174 1425 4,
1194 1363 1210 1410 2
1228 1375 1255 1426 p.
1276 1362 1340 1425 243,
1362 1362 1394 1410 18
1409 1356 1443 1413 H.
1481 1355 1582 1427 μείλιχε

348 1436 501 1491 advocatur
530 1437 590 1491 Pan
616 1438 691 1508 apud
715 1438 797 1493 Kaib.
821 1437 872 1508 Ep.
897 1437 943 1493 Gr.
967 1442 1082 1508 802,1,
1105 1437 1154 1507 qui
1177 1437 1229 1493 ούκ
1252 1435 1336 1505 ύναρ,
1356 1436 1406 1491 sed
1423 1436 1516 1493 medio
1536 1437 1582 1491 die

348 1517 490 1585 quendam
509 1517 626 1573 curavit.
659 1518 703 1587 (ci.
724 1537 749 1589 p.
766 1519 802 1588 5.)

276 1641 418 1707 Notatur
442 1665 551 1709 eorum
574 1644 763 1731 magnitudo
786 1644 883 1729 atque
906 1644 1121 1729 pulchritudo.

348 1772 439 1829 ἐδόκει
463 1775 478 1829 ὁ
502 1773 609 1844 Ξέρξης
631 1774 723 1844 άνδρα
746 1774 773 1829 oi
797 1774 948 1830 ἐπιστάντα
970 1775 1076 1844 μέγαν
1093 1793 1123 1829 τε
1141 1776 1190 1829 καί
1209 1773 1345 1829 εὐειδέα
1368 1776 1457 1830 εἰπεῖν
1479 1777 1581 1830 Herod.

348 1853 400 1906 VII
411 1860 451 1908 12.
474 1854 690 1926 „Aegyptiorum
708 1855 844 1910 antistites
863 1855 903 1909 aio
922 1860 1081 1920 sammoni,
1104 1854 1258 1910 Ptolemaeo
1276 1856 1346 1925 rapi.
1359 1898 1381 1909 ..
1397 1856 1518 1909 oblatam
1532 1873 1584 1925 per

348 1934 462 2001 quietem
476 1935 592 1990 decore
606 1935 728 1989 eaimio
746 1941 771 1989 et
784 1935 909 1989 κιοίονε
924 1951 1019 2004 qoam
1036 1934 1182 1989 λκκκουο
1199 1935 1308 2003 specie
1325 1935 1493 1989 iaceaem“
1516 1934 1581 1991 Tac.

347 2011 419 2066 Hist.
439 2014 477 2066 IV
496 2019 538 2068 83.
576 2015 625 2068 καί
652 2014 727 2087 αύτῷ
755 2013 920 2084 (Daphnidi)
944 2014 974 2067 ccl
997 2022 1069 2082 τρεῖς
1097 2011 1262 2082 ἐφίστανται
1286 2014 1417 2082 Νύμφαι,
1440 2014 1583 2083 μεγάλαι

348 2102 477 2160 γυναῖκες
506 2094 554 2147 καί
583 2092 684 2149 καλαί
708 2095 821 2164 Longus
839 2094 922 2161 Η23,
942 2100 956 2147 1
976 2112 1003 2162 p.
1019 2099 1079 2161 274,
1100 2093 1176 2148 19Η.
1208 2094 1328 2163 ξυνῆκεν
1353 2092 1521 2163 ὁγεωργύς,
1540 2092 1583 2149 ὅτι

348 2171 363 2226 ὁ
379 2172 551 2243 Παλαμήδης
565 2172 620 2243 εἴη·
641 2175 689 2228 καλ
707 2173 739 2228 τύ
757 2168 832 2236 εἶδος
846 2174 874 2236 ἐς
892 2172 950 2243 ἥρω
964 2172 1046 2242 ἐφερε
1064 2170 1170 2243 μέγαν
1188 2192 1217 2227 τε
1235 2174 1284 2227 καί
1298 2171 1432 2243 καλόνῑ)
1450 2174 1581 2229 Philostr.

347 2252 457 2307 Heroic.
477 2258 529 2307 686
548 2272 575 2324 p.
592 2259 651 2323 164,
671 2254 747 2307 10·Κ.
780 2253 822 2307 De
840 2254 1014 2323 Trophonio:
1042 2258 1080 2325 τῷ
1099 2252 1151 2323 γὰρ
1167 2251 1306 2325 Ὀλυμκίφ
1326 2250 1441 2307 Ariani
1458 2254 1489 2309 τὸ
1509 2252 1583 2308 κάλ-

347 2334 403 2394 λος
428 2333 476 2386 καί
501 2333 533 2388 τὸ
563 2331 709 2403 μέγεθος
739 2333 935 2402 παραπλήσιον
967 2334 1039 2388 ἰδεῖν
1071 2332 1182 2403 ἔφασαν
1222 2332 1295 2388 Plut.
1322 2332 1402 2387 Sulla
1427 2338 1468 2387 17.
1510 2333 1583 2389 Vide

346 2411 461 2467 Luciam.
479 2430 536 2467 ver.
560 2413 626 2468 hist.
646 2414 720 2467 1134
739 2414 774 2467 de
793 2413 909 2467 somniis
927 2413 958 2467 in
976 2413 1147 2468 somniorum
1164 2414 1270 2468 insula:
1303 2414 1397 2468 αὐτῶν
1415 2410 1509 2481 μέντοι
1527 2422 1583 2468 τῶν

347 2489 464 2560 ὀνείρων
490 2492 553 2546 ούτε
579 2492 662 2561 φύσις
691 2492 754 2547 ούτε
780 2492 842 2548 loia
867 2494 885 2561 ἡ
911 2493 990 2561 αύτή,
1018 2492 1078 2547 ἀλλ’
1100 2494 1128 2547 oi
1157 2491 1208 2562 μὲν
1233 2489 1357 2561 μακροί
1381 2511 1411 2547 τε
1436 2485 1508 2560 ἦσαν
1534 2494 1582 2547 καλ

347 2571 466 2639 μαλακοί
488 2573 536 2626 καλ
559 2573 669 2643 [καλοί
691 2574 752 2643 καὶ]
776 2574 934 2639 εὐειδεῖς,
958 2573 985 2627 ot
1008 2571 1039 2626 δέ
1063 2573 1176 2641 σκληροὶ
1198 2573 1247 2625 καὶ
1261 2572 1355 2640 μικροί
1377 2572 1425 2625 καί
1449 2570 1581 2642 ἄμορφοι.

347 2652 389 2704 De
411 2650 561 2705 Protesilai
584 2650 780 2720 magnitudine
803 2651 984 2720 ampelurgus
1005 2650 1036 2704 in
1058 2651 1178 2706 Hernico
1201 2656 1252 2705 673
1271 2670 1298 2721 p.
1315 2656 1374 2720 142,
1391 2655 1405 2703 7
1424 2651 1522 2707 refert:
1550 2652 1582 2707 τδ

347 2728 379 2784 δὲ
398 2739 485 2800 μῆκος
504 2730 663 2801 δεκάπηχυς
680 2729 759 2800 τάχα.
798 2730 832 2785 cf.
852 2730 887 2784 de
906 2729 1014 2797 insulis,
1033 2748 1103 2799 quas
1118 2730 1283 2784 Timarchus
1297 2746 1347 2799 per
1365 2747 1493 2786 somnum
1511 2730 1583 2786 vidit

254 2830 260 2845 ·
346 2811 377 2864 iu
400 2813 480 2864 antro
503 2810 714 2879 Trophoniano:
743 2808 900 2880 potueritne
925 2808 956 2865 dt
981 2809 1084 2877 πλήθει
1114 2809 1165 2880 μὲν
1187 2809 1366 2880 ἀναρίθμους
1390 2809 1529 2881 μεγέθει
1551 2809 1580 2866 δ’

347 2890 534 2958 ὑπερφυεῖς
558 2889 632 2945 Plut.
652 2890 687 2943 de
706 2906 768 2959 gen.
789 2889 862 2944 Scor.
882 2895 916 2943 22
935 2908 962 2959 p.
979 2896 1030 2945 590
1045 2891 1073 2946 Ο,
1106 2891 1146 2945 De
1167 2890 1259 2960 Mopsi
1281 2891 1406 2946 oraculo:
1426 2890 1582 2959 ἄνθρωπον

347 2968 442 3033 ἔδοξεν
457 2969 531 3041 αύτῷ
550 2970 653 3024 καλὸν
672 2968 822 3024 ἐπιστάντα
841 2968 1024 3039 φθέγξασθαι
1042 2973 1097 3025 κτλ.
1130 2971 1204 3025 Plut.
1219 2971 1254 3025 de
1269 2971 1323 3026 def.
1338 2988 1377 3025 or.
1392 2977 1427 3024 45
1445 2988 1472 3040 p.
1487 2976 1540 3024 434
1550 2970 1580 3024 Ε.

347 3048 388 3102 De
405 3047 588 3117 Aesculapio:
607 3047 777 3120 συμβολῆσαί
797 3069 840 3111 τις
862 3051 927 3119 ιιερλ
949 3048 1077 3118 Κόρνους
1098 3051 1171 3123 scirpi
1193 3052 1242 3106 καί
1264 3060 1323 3113 τοῖς
1341 3048 1487 3119 ἑπομένοις
1505 3049 1583 3115 ἔδοξε

346 3126 402 3183 τδιν-
422 3126 491 3197 ύψιν
514 3129 683 3198 εύιιρειτὴς
705 3129 777 3198 ἀνήρ
800 3130 865 3185 iam.
889 3129 971 3199 Epid.
994 3148 1036 3185 nr.
1051 3136 1085 3184 80
1104 3130 1130 3183 V
1144 3136 1178 3184 29
1186 3148 1227 3198 sq.
1264 3129 1305 3184 De
1329 3129 1442 3183 homine
1460 3130 1581 3185 barbaro

346 3202 528 3277 miraculoso,
557 3208 606 3276 qui
634 3226 696 3262 cum
719 3208 904 3264 daemonibus
931 3210 1118 3279 nymphisque
1145 3209 1237 3263 vivere
1261 3208 1372 3264 solebat
1395 3211 1481 3276 atque
1505 3212 1580 3263 certo

347 3286 415 3340 anui
429 3286 476 3342 die
494 3288 570 3357 apud
588 3305 665 3343 mare
679 3288 805 3344 Rubrum
823 3290 984 3345 hominibus
1003 3306 1032 3344 se
1047 3290 1191 3360 offerebat,
1206 3290 1282 3360 apud
1300 3289 1374 3343 Plut.
1393 3288 1499 3359 legitur
1515 3290 1582 3345 hoc:

293 3398 295 3403 ·
347 3366 582 3436 κάλλιστοςμέν
601 3364 641 3424 ὧν
659 3365 736 3426 εἶδον
754 3371 916 3440 ἀνθρώπων
934 3372 1066 3442 ὀφθῆναι
1083 3371 1118 3425 de
1137 3370 1191 3426 def.
1211 3387 1251 3426 or.
1270 3375 1303 3425 21
1322 3388 1350 3439 p.
1365 3374 1416 3424 421
1431 3370 1464 3425 A.
1519 3429 1522 3432 ,

275 3491 487 3559 Pulchritudo
510 3515 583 3559 eum
606 3494 773 3563 iuventute
795 3499 974 3565 coniuncta

346 3614 407 3668 Iam
430 3632 515 3685 supra
533 3615 683 3671 citavimus
702 3618 767 3674 Tac.
791 3619 862 3674 Hist.
886 3620 925 3673 IV
940 3626 974 3674 83
994 3620 1029 3674 de
1052 3620 1177 3675 iuvene
1195 3619 1312 3689 pulchro
1332 3621 1361 3673 et
1379 3635 1490 3688 magno.
1510 3618 1581 3673 Vide

346 3694 411 3749 iam.
427 3695 508 3765 Epid.
527 3714 568 3752 nr.
588 3702 622 3751 69
642 3697 719 3767 XVI,
740 3704 802 3753 118:
827 3699 882 3769 ἐφα
906 3699 976 3769 ὄψιν
994 3701 1094 3769 είδεῖν,
1113 3703 1210 3755 δοκεῖν
1228 3697 1412 3754 νεανίσκον
1431 3699 1581 3767 εὐπρεπῆ

347 3773 402 3843 τὰμ
429 3774 542 3844 μορφάν
565 3775 611 3830 aa
638 3777 687 3832 τὸν
713 3775 851 3833 δάκτυλον
877 3777 981 3849 ἐπικῆν
1005 3777 1165 3847 φάρμακον.
1206 3778 1248 3832 De
1273 3777 1455 3846 Telesphoro:
1490 3776 1581 3832 ἐδόκει

349 3851 425 3915 νέος
443 3857 545 3924 κομιδῆ
568 3857 616 3911 καί
635 3856 758 3924 ὡραῖος
781 3857 852 3913 ἰδεῖν
874 3859 975 3914 Marin.
994 3877 1019 3913 v.
1040 3858 1128 3912 Procl.
1149 3864 1172 3912 7.
1210 3857 1251 3910 De
1269 3856 1427 3910 Machaone
1445 3860 1475 3911 et
1492 3857 1582 3911 Poda-

347 3931 423 3993 lirio:
443 3931 497 4002 ἤδη
517 3931 570 4003 γάρ
589 3954 662 3997 τινες
676 3936 724 3989 καί
739 3936 790 3990 δύο
809 3935 1026 4001 νεανίσκους,
1045 3939 1082 4000 ὡς
1096 3936 1223 4005 ἐδόκουν,
1242 3934 1397 3991 ἐθεάσαντο
1415 3933 1490 4003 ύιταρ
1510 3936 1582 3991 κατὰ

347 4011 398 4079 τὴν
418 4011 463 4066 ἐπί
482 4010 516 4066 τὰ
534 4009 666 4082 ’Ἁδροττα
689 4012 770 4085 ὁδόν,
794 4013 868 4084 μάλα
886 4017 1032 4080 εὐειδεῖς
1051 4020 1106 4072 κτλ.
1134 4016 1172 4071 ib.
1193 4022 1234 4071 32,
1271 4014 1438 4069 Aristoteles
1457 4016 1583 4070 narravit

347 4090 472 4145 Eudemo
491 4091 626 4147 familiari
644 4110 694 4147 suo
714 4095 873 4165 aegrotanti
892 4097 998 4165 „viarm
1014 4098 1047 4151 ia
1065 4096 1152 4166 gaieta
1168 4096 1303 4166 ερεεριό
1324 4095 1415 4161 facie
1433 4095 1582 4149 κἀυεκευι

347 4172 452 4225 dicero·
472 4187 494 4225 e.
515 4190 540 4239 q.
561 4190 581 4226 s.
620 4172 675 4227 cio.
696 4173 730 4227 de
750 4174 805 4228 div.
824 4175 894 4244 125,
914 4180 956 4230 53.
993 4176 1035 4229 De
1057 4173 1207 4229 Protesilai
1230 4174 1387 4228 iuventute:
1416 4173 1513 4244 γέγονε
1531 4172 1582 4242 μέν

348 4249 400 4319 γάρ
419 4250 493 4319 ἀμφὶ
510 4249 545 4305 τά
564 4250 652 4306 εἴκοσί
669 4270 725 4307 κου
740 4253 857 4322 μάλιστα
871 4254 970 4324 ἐτη...
985 4254 1062 4326 ύβρῷ
1081 4252 1108 4309 δ’
1130 4254 1213 4326 ίούλφ
1227 4255 1307 4326 βρύει
1325 4254 1456 4308 Philostr.
1471 4252 1580 4306 Heroic.

349 4336 400 4384 673
419 4349 445 4399 p.
467 4336 530 4400 141,
550 4337 592 4387 at.
629 4332 663 4387 cf.
688 4327 765 4387 είδον
788 4334 837 4389 τὸν
861 4332 1005 4389 νεανίαν
1028 4339 1080 4389 674
1102 4352 1129 4403 p.
1146 4340 1209 4402 142,
1234 4340 1276 4389 10.
1309 4353 1333 4388 v.
1357 4333 1443 4387 etiam
1464 4333 1582 4401 Kenyon

349 4410 440 4463 Greek
463 4409 566 4481 Papyri
584 4430 611 4481 p.
633 4418 692 4480 124,
713 4418 744 4466 11
756 4408 943 4482 εφαεταῦτα
965 4413 1052 4468 εἰκὼν
1071 4412 1129 4486 dap
1149 4422 1288 4484 γοναῖκαν
1307 4413 1354 4467 aa
1372 4412 1440 4467 ὄνου
1458 4414 1581 4481 καθηζο-

368 4590 393 4656 1)
412 4589 518 4643 Heroas
537 4589 649 4643 omnino
667 4590 863 4661 magnitudine
882 4591 1018 4645 excellere
1036 4592 1129 4646 elucet
1152 4608 1167 4645 e
1186 4590 1272 4645 schol.
1292 4588 1434 4643 Demosth.
1454 4588 1489 4642 de
1508 4588 1582 4642 falsa

276 4667 331 4737 leg.
352 4674 402 4723 279
421 4687 448 4738 p.
463 4674 525 4736 437,
540 4675 574 4723 20
592 4669 689 4725 Dind:
709 4670 816 4742 ἐκλήθη
835 4670 866 4726 δὲ
885 4670 959 4742 ἥρως
977 4670 1026 4727 διὰ
1044 4672 1075 4727 τὸ
1094 4669 1213 4741 μέγεθος
1231 4678 1281 4725 τοῦ
1300 4669 1432 4737 σώματος.
