3550 5317
265 309 307 372 74
702 367 708 377 ,
826 310 917 382 Caput
935 312 980 366 lv.

262 471 405 559 oluada¹)
438 474 495 557 20,
513 475 588 539 458.
644 475 687 552 ὡς
724 472 761 540 δὲ
799 473 953 559 ἐπέμενεν
993 479 1118 562 χρόνον
1160 477 1277 540 ίκανὸν
1316 473 1370 540 καὶ
1409 474 1566 562 οὐδεμιᾶς

263 569 440 654 ἐτύγχανεν
463 571 674 655 ἐπισκέψεως,
697 571 790 648 τέλος
813 564 960 651 ἐξελθὼν
981 570 1089 660 κτλέ).
1122 574 1259 638 Videtur
1277 575 1392 638 tertius
1415 575 1483 638 dies
1506 575 1567 640 hae

261 669 351 733 inre
375 670 534 752 quandam
557 670 706 736 habuisse
726 670 1003 756 significationem,
1027 672 1113 755 quod
1137 695 1210 736 oum
1232 673 1358 737 numeri
1381 673 1401 736 3
1424 673 1457 737 vi
1481 677 1566 738 certe

262 767 497 850 quodammodo
522 767 714 856 cohaeret³):
743 779 782 855 τη
811 765 848 834 δὲ
871 769 976 856 ἡμέρᾳ
1002 779 1042 855 τη
1069 773 1180 856 τρίτη
1205 769 1393 846 ἐπιστάντες
1420 770 1473 854 23,
1491 772 1565 836 474.

259 864 287 929 Ε
303 862 379 953 Gyri
398 870 430 929 et
447 864 577 931 Ioannis
596 867 758 933 miraculis
776 867 938 933 notaveris
956 868 1048 933 haee:
1071 879 1177 952 τρεῖς
1195 877 1279 951 γοῦν
1301 868 1387 934 οὕτω
1406 870 1566 946 διανύσας

260 961 383 1048 ἡμέρας
397 964 415 1029 ὁ
430 967 549 1041 άθλιος
566 970 633 1031 κτλ.
657 966 710 1048 32,
721 966 807 1031 3529
817 965 854 1029 Β.
878 977 1056 1051 τριταῖος
1073 966 1110 1031 τὸ
1130 978 1202 1051 φῶς
1219 978 1290 1042 τοῖς
1308 968 1453 1051 ὄμμασιν
1475 969 1565 1051 ἔβλε-

258 1082 320 1126 πεν
344 1062 396 1144 37,
415 1061 556 1147 3564Α;
579 1063 618 1128 ef.
638 1065 679 1129 ib.
699 1065 737 1130 D.
765 1075 870 1150 τρεῖς
893 1065 957 1150 γάρ
980 1066 1084 1148 μόνας
1106 1063 1228 1149 ἡμέρας
1250 1074 1320 1140 τοῖς
1342 1064 1450 1146 ἁγίοις
1473 1063 1564 1143 εὐξά-

258 1183 356 1242 μενος
384 1161 430 1236 εἰς
458 1161 601 1243 λουτρὸν
629 1161 743 1227 ἐλθεῖν
770 1160 1006 1247 προσετάττετο
1028 1160 1091 1244 52,
1115 1162 1201 1228 3617
1215 1160 1247 1226 0.
1289 1161 1479 1238 ἐπιστάντες
1502 1158 1565 1227 οὖν

260 1257 348 1344 αὐτῷ
376 1255 450 1321 καθ’
480 1258 608 1334 ὕπνους
636 1257 817 1342 άμφύτεροι
846 1258 971 1347 (τρίτη
999 1256 1036 1324 δὲ
1063 1259 1083 1342 ἡ
1106 1261 1168 1337 νύξ
1198 1257 1255 1343 ἀφ’
1288 1255 1326 1342 ἧς
1352 1259 1563 1346 παρεγένετο)

260 1355 311 1436 70,
331 1355 417 1418 3668
428 1356 464 1419 Β.
489 1356 528 1420 of.
552 1357 604 1440 31,
619 1356 707 1420 3524
716 1355 754 1422 A.
764 1357 801 1422 B.
830 1358 881 1440 34,
897 1357 985 1421 3540
994 1357 1030 1422 Β.
1058 1356 1112 1440 58,
1126 1356 1258 1423 36320.
1288 1357 1339 1440 70,
1353 1357 1440 1422 3669
1450 1357 1489 1422 D.
1534 1357 1562 1420 Ε

258 1452 394 1517 Theclae
425 1453 586 1518 miraculis
616 1453 658 1541 (v.
678 1455 736 1519 sub
756 1457 777 1519 4
799 1479 830 1540 p.
846 1453 982 1541 38sqq.)
1010 1455 1049 1520 of.
1074 1478 1121 1520 ex.
1141 1478 1186 1542 gr.
1205 1480 1235 1539 p.
1257 1455 1333 1519 140:
1361 1457 1437 1520 οὔτε
1459 1468 1563 1540 τρεῖς

258 1551 332 1615 ὅλαι
356 1550 544 1634 διεγένοντο
563 1551 691 1638 ἡμέραι,
714 1552 769 1619 καλ
788 1555 967 1637 βαδίζουσα
986 1559 1160 1637 καθηλθεν
1177 1553 1197 1636 ἡ
1217 1555 1303 1636 γυνη
1322 1551 1377 1639 (so.
1392 1552 1464 1617 Aba
1482 1576 1563 1637 quae

256 1648 337 1732 pede
361 1648 536 1732 laborabat,
555 1651 594 1715 of.
614 1674 644 1734 p.
666 1648 752 1736 101).
786 1650 911 1715 Similia
929 1652 1014 1734 apud
1032 1651 1220 1715 Medardum
1240 1651 1401 1716 observari
1418 1656 1567 1735 possunt,

255 1768 284 1810 v.
303 1769 333 1830 p.
352 1746 409 1832 593
433 1749 517 1830 apud
540 1748 716 1814 Martinum
739 1749 796 1835 ib.3
819 1750 904 1832 apud
927 1748 1139 1813 Maximinum
1162 1773 1192 1832 p.
1211 1749 1263 1814 60.

344 1844 454 1909 Etiam
478 1849 567 1910 extra
590 1847 747 1931 templum
771 1870 864 1912 suum
887 1870 945 1931 per
964 1870 1112 1927 somnum
1131 1851 1245 1912 sanant
1263 1851 1431 1932 martyres:
1454 1871 1562 1935 aegro

257 1946 309 2006 tus
334 1944 463 2027 quidam
486 1945 664 2010 haereticus
689 1946 750 2010 ούκ
774 1945 952 2030 ἐτόλμησεν
975 1948 1105 2010 ἔσωθεν
1128 1954 1188 2009 τοῦ
1213 1944 1350 2024 ἐνδόξου
1374 1995 1381 2010 .
1405 1998 1412 2011 .
1437 1997 1443 2010 .
1467 1953 1562 2012 οίκου

259 2039 377 2108 ἑαυτὸν
400 2041 587 2108 άνακλῖναι·
617 2043 700 2109 άλλδι
727 2046 810 2129 πρὸς
833 2052 878 2131 τῷ
907 2041 967 2121 ἔξω
996 2043 1142 2128 νάρθηκι
1167 2092 1174 2106 .
1198 2094 1204 2106 .
1228 2092 1235 2106 .
1262 2045 1324 2126 την
1353 2044 1503 2128 πάροδον
1525 2044 1561 2110 ἐν

254 2137 350 2204 νυκτὶ
382 2139 557 2207 ἐποιοῦντο
589 2139 729 2229 (saneti).
779 2141 968 2205 Haeretieus
997 2141 1189 2206 omittitur.
1214 2193 1220 2205 .
1245 2192 1251 2204 .
1275 2141 1338 2206 δύο
1366 2138 1403 2206 δέ
1430 2140 1562 2228 ἡμερῶν

256 2236 502 2322 διαγενομένων
526 2289 534 2304 .
620 2243 797 2324 φαίνονται
821 2238 856 2303 ἐκ
879 2237 1040 2323 δευτέρου
1063 2247 1108 2325 τῷ
1132 2240 1285 2326 αλρετικῷ
1310 2291 1316 2302 .
1342 2291 1349 2304 .
1373 2291 1379 2303 .
1400 2288 1407 2303 .
1427 2292 1433 2304 .
1453 2291 1459 2304 .
1480 2240 1561 2324 ἐγεί-

254 2358 371 2420 ραντες
386 2388 392 2401 .
408 2388 414 2400 .
431 2389 437 2401 .
452 2336 556 2403 αὐτὸν
579 2337 760 2424 ἀμφότεροι
779 2337 988 2401 καθεύδοντα
1006 2345 1263 2422 χειρουργοῦσιν
1281 2336 1384 2402 αὐτοῦ
1413 2337 1561 2421 άοράτως

252 2435 331 2510 τοὺς
361 2434 423 2498 δύο
453 2436 587 2521 μηρούς.
637 2433 807 2518 Increpant
835 2457 908 2498 eum
939 2435 1076 2518 denique
1103 2438 1198 2499 noete
1226 2435 1373 2518 sequenti
1401 2435 1494 2499 abeat
1521 2459 1560 2500 ex

253 2553 351 2613 sauro,
378 2532 427 2614 17,
446 2531 512 2596 414
522 2555 590 2616 sqq.

340 2628 378 2694 In
402 2631 549 2696 domibus
572 2631 706 2714 privatis
730 2635 885 2715 apparent
903 2654 961 2714 per
979 2654 1140 2696 somnum:
1164 2631 1284 2695 femina
1307 2631 1461 2714 quaedam
1481 2631 1560 2695 Lao

252 2729 358 2794 dieeae
382 2729 476 2816 ύπνῳ
499 2735 732 2812 κατενεχθεῖσα
756 2737 795 2813 τῇ
819 2728 958 2814 ἐπιούσῃ
981 2727 1078 2793 νυκτὶ
1108 2728 1169 2815 ὁρᾷ
1196 2732 1274 2804 τοὺς
1303 2730 1466 2812 μεγάλους
1490 2781 1496 2793 .
1520 2779 1527 2793 .
1552 2781 1558 2792 .
1615 2724 1617 2728 ’

253 2829 387 2911 ἰατροὺς
410 2878 417 2892 .
443 2879 448 2891 .
474 2879 480 2892 .
505 2826 541 2892 ἐν
560 2818 587 2914 ᾧ
608 2827 826 2892 ἐκτυποῦνται
850 2829 988 2911 σχήματι
1009 2878 1015 2891 .
1036 2879 1042 2891 .
1062 2878 1068 2891 .
1089 2824 1328 2910 ἐπιλαβομένης
1347 2825 1458 2911 ἐτέρας
1480 2851 1558 2891 νυκ-

251 2925 306 3001 τὸς
335 2926 370 2989 ot
395 2922 489 2990 αὐτοὶ
518 2977 525 2988 .
557 2976 563 2988 .
595 2975 600 2988 .
634 2922 793 3008 φανέντες
825 2924 909 3010 αὐτῇ
940 2923 977 2989 ἐν
1008 2935 1047 3010 τῇ
1080 2925 1177 3012 ὁμοίᾳ
1208 2923 1273 3010 θέρε
1302 2922 1459 3006 λέγουσιν
1490 2929 1557 2989 κτλ.

253 3023 306 3103 28,
325 3023 390 3087 514
401 3045 446 3106 sq.
483 3020 625 3087 Invitant
649 3026 825 3108 aegrotum,
848 3025 885 3086 ut
903 3022 1061 3105 templum
1080 3044 1174 3087 suum
1197 3022 1413 3106 adgrediatur:
1436 3028 1559 3104 θεωρεῖ

250 3122 327 3196 τοὺς
342 3120 458 3202 ἁγίους
477 3119 552 3184 καθ’
577 3120 685 3185 ύπνον
704 3119 860 3204 λέγοντας
879 3119 981 3207 αὐτῷ·
998 3121 1098 3205 δεῦρο
1116 3121 1200 3205 πρὸς
1213 3119 1298 3203 ημᾶς
1316 3117 1369 3183 καλ
1391 3116 1556 3204 ιάθηση4).

251 3217 411 3299 Mulieris,
445 3240 525 3300 quae
558 3218 621 3280 iam
654 3218 743 3282 adest
776 3219 810 3283 in
841 3222 1018 3302 martyrum
1049 3240 1154 3301 saoro,
1185 3217 1345 3281 medicum
1380 3220 1556 3280 arcessunt:

251 3320 428 3402 φαίνονται
451 3312 521 3379 κατ’
544 3317 626 3400 ὄναρ
650 3324 694 3400 τῷ
716 3319 856 3399 συνήθει
880 3317 981 3400 αὐτῆς
1005 3317 1105 3403 ἰατρῷ
1130 3314 1294 3398 λέγοντες·
1314 3316 1343 3379 εἰ
1365 3312 1477 3390 θέλεις
1499 3320 1556 3378 θε-

251 3423 412 3495 ραπεύσαι
434 3413 496 3494 τὴν
517 3421 670 3495 γυναῖκα,
694 3414 818 3478 άπελθε
843 3413 880 3488 ἐν
904 3407 1013 3502 piade
1036 3413 1126 3479 ἐστιν
1145 3413 1228 3500 ἁγίῳ
1248 3419 1327 3500 οίκμ
1351 3412 1403 3495 26,
1417 3411 1492 3477 492.

339 3510 428 3596 ύπαρ
449 3512 604 3593 apparent
623 3511 737 3573 sanotiz
756 3510 935 3595 μέλλοντος
954 3513 991 3578 ἐν
1008 3521 1053 3600 τῷ
1068 3516 1230 3598 πλοιαρίῳ
1251 3509 1386 3576 εἰσιέναι
1405 3508 1480 3596 περὶ
1499 3512 1557 3586 τάς

252 3609 379 3694 δυσμάς
402 3616 461 3673 τοῦ
485 3606 583 3690 ηλίου
606 3609 894 3690 συντυγχάνουσιν
917 3611 1006 3697 αὐτῷ
1030 3611 1066 3687 οἱ
1086 3609 1216 3688 ἔνδοξοι
1240 3611 1352 3692 άγιοι.
1372 3659 1378 3672 .
1398 3660 1405 3672 .
1424 3607 1461 3672 ἐν
1479 3610 1556 3691 σχη-

249 3731 325 3790 ματι
360 3706 400 3771 ού
436 3714 480 3793 τῷ
512 3706 646 3770 εἰωθότι
681 3703 794 3780 αὐτοῖς
827 3704 879 3792 (of.
904 3730 934 3789 p.
956 3706 1011 3793 73)
1047 3708 1074 3790 1,
1094 3707 1167 3772 308.
1218 3706 1267 3770 De
1297 3706 1383 3769 mirr.
1412 3706 1461 3786 12,
1476 3704 1555 3787 388;

252 3805 302 3887 18,
321 3804 385 3869 426
409 3828 438 3870 v.
456 3828 487 3889 p.
509 3803 559 3868 73.
597 3805 858 3889 παραγενόμενοι
882 3802 919 3867 ἐν
941 3806 1095 3888 αἰσθήσει
1118 3803 1173 3869 καὶ
1196 3805 1407 3889 πληροφορίᾳ
1425 3802 1555 3885 ὀφθαλ-

249 3914 407 3987 μοφανῶς
436 3901 539 3966 αὐτὸν
567 3901 823 3987 ἐχειρούργησαν
844 3948 854 3966 ,.
879 3951 885 3964 .
910 3951 917 3964 .
940 3902 985 3978 ὡς
1013 3903 1089 3986 άχρι
1116 3910 1173 3984 της
1201 3905 1345 3985 σήμερον
1372 3902 1554 3983 φαίνεσθαι

252 3999 313 4081 την
336 3999 440 4082 οὐλὴν
463 4008 521 4082 της
543 4001 752 4085 χειρουργίας
776 3998 885 4063 αὐτῶν
909 3999 962 4083 29,
975 3998 1050 4064 530.
1087 3998 1235 4077 „Cosmus
1258 4049 1264 4062 .
1288 4049 1295 4062 .
1321 4049 1327 4061 .
1351 3998 1476 4062 αάυοηίῖ
1494 4050 1500 4062 .
1521 4049 1554 4062 ..

249 4118 319 4161 eam
341 4117 405 4160 νυνι
428 4102 502 4162 esset
524 4097 628 4162 ι’ίίαείο
651 4118 705 4160 neo
727 4099 912 4161 dormirem“
935 4096 973 4160 A.
993 4120 1016 4161 s.
1035 4120 1066 4180 p.
1084 4096 1247 4178 461,186.

340 4193 454 4259 Subito
478 4198 634 4278 martyres
662 4198 866 4260 evanescunt:
890 4193 945 4259 καλ
972 4194 1103 4279 ἀφανὴς
1129 4192 1266 4278 γέγονεν
1295 4191 1390 4279 (alter
1416 4191 1553 4277 martyri

251 4295 300 4377 12,
316 4293 389 4358 390.
422 4290 477 4358 καὶ
501 4292 640 4377 άφανεῖς
662 4295 839 4374 γεγόνασιν
862 4291 916 4357 ἀπ’
932 4293 1047 4370 αὐτοῦ
1072 4293 1123 4376 18,
1136 4291 1211 4357 434.

339 4454 365 4519 1)
384 4450 481 4505 οἴκαδε
500 4466 552 4504 om.
572 4448 654 4502 Vind.

338 4535 364 4600 2)
383 4532 406 4584 Ε
425 4531 485 4586 οοδ.
501 4530 583 4585 Vind.
599 4529 633 4584 of.
648 4529 680 4584 A.
697 4547 717 4584 e.
732 4547 758 4598 p.
773 4535 834 4599 460,
851 4536 914 4598 176;
932 4529 1036 4584 Dehnii
1054 4531 1136 4585 notas
1154 4550 1181 4600 p.
1197 4529 1320 4584 XXXIII.

338 4616 365 4683 3)

337 4695 365 4762 4)
383 4613 624 4747 {tpffletffidob'
640 4691 673 4746 ef.
689 4690 720 4743 A.
737 4707 757 4743 s.
772 4708 799 4760 p.
814 4695 876 4759 460,
892 4695 956 4760 1763
975 4689 1078 4745 Dehnii
1096 4693 1179 4744 notas
1197 4707 1224 4758 p.
1240 4688 1363 4746 XXXIII.
1406 4762 1408 4767 ι
