3550 5317
269 345 333 408 124
852 351 992 405 Laudatio
1421 359 1445 420 7,
1456 358 1535 421 5-9,
1552 361 1565 408 1

245 531 381 592 εμενον,
434 508 558 592 ἠπείλει
582 507 619 576 δέ
642 509 696 576 καὶ
719 513 778 589 τὰς
800 514 924 596 νήσους
946 515 1043 599 τάχος
1066 514 1264 601 ἐπέρχεσθαι
1320 515 1376 581 ιωιὶ
1398 517 1571 601 ἀφανιξειν

267 608 377 692 ὥσπερ
401 605 625 694 ἐξάλειπτρον·
716 609 806 688 ἔδοξε
829 615 903 677 τότε
925 624 995 689 τοϊς
1018 622 1078 678 τοῦ
1108 613 1207 696 ἁγίου
1234 614 1274 678 τὰ
1303 618 1443 692 λείψανα
1469 623 1570 702 θερα-

265 706 427 770 πεύουσιν
477 707 533 770 διὰ
555 716 616 773 τοῦ
638 707 737 791 ἁγίου
759 707 932 774 πυθέσθαι
955 712 987 774 εί
1008 709 1042 775 ἐκ
1065 719 1124 795 τῆς
1144 713 1250 794 νήσου
1273 711 1387 788 αὐτοῖς
1406 711 1570 799 ἐπιτρέπει

266 803 327 885 τὴν
350 803 568 890 ἀναχώρησιν.
658 804 713 871 καὶ
736 808 818 872 κατά
840 803 902 891 μέν
928 808 990 891 τήν
1016 810 1152 893 πρώτην
1179 808 1283 874 ἐκεῖσε
1309 820 1377 874 τῶν
1405 810 1571 894 Ἑλλήνων

261 899 454 985 Ἀγαρηνῶν
477 904 627 968 κάθοδον
649 902 761 987 μένειν
785 903 934 970 ἐκέλευεν
1024 901 1139 990 [οὐδέν
1162 905 1432 990 βλαβησομένους
1455 907 1491 973 ἐκ
1514 918 1570 992 τῆς

233 1023 256 1060 ιο
268 997 392 1083 ἐφόδου
415 1010 482 1064 τῶν
500 999 695 1085 ἀλαστόρων
712 999 769 1066 καί
784 1005 974 1087 μιαιφόνων
998 1002 1155 1088 ἐχθρῶν],
1180 1004 1267 1068 οὐτω
1288 1005 1370 1088 δήια
1397 1003 1452 1069 καὶ
1476 1005 1570 1090 γέγο-

265 1121 334 1180 νεν,
420 1096 476 1162 καὶ
499 1101 671 1182 μείναντες
693 1099 798 1165 αὐτοῦ
822 1097 1048 1183 διεσώθησαν·
1147 1103 1192 1178 ὡς
1214 1098 1253 1166 δέ
1279 1103 1317 1166 τὸ
1341 1103 1499 1187 δεύτερον
1522 1107 1570 1181 είς

265 1196 326 1278 τήν
350 1197 490 1281 Κύπρον
514 1196 531 1261 ἁ
555 1208 622 1261 τῶν
645 1195 758 1262 ἀθέων
777 1201 893 1274 στόλος
916 1198 1056 1282 ἀνήγετο
1122 1197 1177 1263 καλ
1200 1194 1302 1276 αὖθις
1325 1200 1386 1283 τήν
1410 1199 1570 1284 ἐρώτησιν

266 1295 302 1358 οί
328 1292 439 1358 πιστοὶ
466 1296 549 1381 πρὸς
578 1295 637 1360 τὸν
664 1296 761 1377 ἁγιον
789 1295 997 1379 ἐποιήσαντο,
1097 1298 1161 1361 σύν
1186 1298 1276 1381 τάχει
1303 1300 1376 1362 τότε
1402 1303 1570 1385 μεταίρειν

266 1390 440 1478 ἐπέτρεπεν
523 1393 582 1477 [ὡς
605 1393 683 1476 ὅλης
705 1402 762 1477 τῆς
785 1395 891 1476 νήσου
916 1393 1237 1480 παραδοθησομένης
1259 1406 1328 1471 τοῖς
1350 1399 1570 1480 παλαμναίοις

231 1511 255 1549 15
263 1487 481 1574 Ἀγαρηνοίς,]
504 1494 677 1577 συναίρειν
700 1515 735 1556 τε
757 1490 862 1556 αὐτοῦ
884 1489 940 1555 καὶ
967 1493 1008 1555 τὰ
1030 1493 1200 1557 πάνσεπτα
1223 1502 1326 1557 ταῦτα
1353 1492 1449 1576 όστά,
1479 1495 1524 1570 ὡς
1551 1494 1569 1559 δ

261 1585 383 1671 Ἰωσήφ
407 1589 444 1652 τὸ
467 1589 568 1653 πάλαι
591 1589 823 1673 παρεκελεύετο
886 1590 969 1674 πρὸς
991 1593 1121 1655 τελείαν
1142 1600 1210 1655 τῶν
1233 1589 1492 1675 ἀνασωζομένων
1515 1596 1568 1674 βε-

265 1688 415 1768 βαίωσιν.

239 1783 257 1836 8
357 1781 640 1859 συσκευασθέντες
663 1779 725 1849 οὐν
744 1783 864 1850 ἐκείνοι
883 1787 1070 1868 σεβασμίως
1087 1796 1190 1851 ταῦτα
1209 1797 1249 1873 τῇ
1268 1788 1407 1871 λάρνακι
1426 1788 1570 1873 συναρά-

265 1905 359 1965 μενοι
440 1885 611 1968 πορθμείῳ
635 1906 702 1947 τινι
725 1885 956 1967 περιτυχόντες
979 1881 1150 1966 ἐπέβησαν.
1232 1883 1287 1950 καλ
1311 1886 1351 1949 τὰ
1373 1881 1434 1967 μὲν
1457 1896 1570 1969 πρῶτα

266 1979 449 2043 λανθάνειν
477 1981 555 2055 τούς
578 1985 817 2064 συμπλωτήρας
840 1979 1048 2063 ἐσκέπτοντο,
1138 1983 1176 2046 τὸ
1198 1982 1283 2066 μέγα
1311 1984 1482 2066 κειμήλιον
1508 1992 1569 2048 τοῦ

266 2078 502 2161 ίερομάρτυρος
562 2079 721 2162 κρύπτειν
743 2078 966 2163 πειρώμενοι·-
1013 2081 1057 2156 ὡς
1081 2077 1118 2144 δέ
1140 2089 1199 2164 τῆς
1221 2089 1281 2165 γῆς
1303 2079 1487 2164 ἀποβάντες
1509 2082 1570 2165 τήν

242 2173 316 2238 5ἐπὶ
343 2176 700 2240 Κωνσταντινούπολιν
724 2177 896 2261 ἔσπευδον,
963 2176 1086 2242 εὐωδία
1109 2200 1159 2253 τις
1182 2177 1287 2266 ἐντῷ
1310 2181 1416 2264 πλοίῳ
1440 2190 1568 2262 συχνῶς

264 2272 450 2337 ἀνεδίδοτο·
503 2273 544 2338 οὐ
568 2275 630 2359 γὰρ
650 2268 692 2356 ἦν
711 2274 855 2338 δυνατὸν
875 2271 955 2339 οὐδὲ
978 2276 1147 2358 φεύγοντα
1185 2276 1317 2340 δίκαιον
1339 2276 1547 2359 κρύπτεσθαι

264 2367 318 2432 καλ
343 2372 463 2457 φθόνῳ
487 2369 635 2455 κατέχειν
658 2382 724 2436 τῶν
749 2373 896 2456 ἰαμάτων
919 2372 980 2454 τήν
1003 2374 1146 2456 ἐκρυσιν.
1206 2376 1280 2438 τότε
1294 2375 1420 2455 γίνεται
1434 2387 1567 2458 πρᾶγμα

263 2465 465 2551 παράδοξον·
533 2478 591 2552 τής
613 2469 676 2553 γὰρ
700 2471 779 2552 νηὸς
802 2469 838 2535 ἐκ
860 2471 1013 2555 πρύμνης
1037 2468 1260 2556 ἐλαυνομένης
1282 2476 1328 2558 τῷ
1350 2471 1510 2555 πνεύματι

264 2563 319 2628 καλ
342 2573 399 2648 τής
423 2564 548 2650 ὀθόνης
571 2567 637 2654 ὅλῳ
661 2575 707 2654 τῷ
730 2571 841 2655 κόλπῳ
865 2569 1036 2653 χωρούσης
1058 2568 1118 2632 τὸν
1142 2568 1266 2651 άνεμον
1347 2561 1405 2653 (ἦν
1427 2563 1465 2631 δέ
1487 2567 1568 2652 ἀπη-

228 2660 384 2745 1ολιώτης
408 2661 440 2741 ἐξ
465 2663 580 2749 οὐρίας
603 2662 713 2730 πνέων
737 2665 754 2729 ὁ
778 2663 912 2751 ἄνεμος)
971 2672 1094 2749 αίῳνης
1117 2663 1217 2748 άτμύς
1240 2663 1377 2748 ἐξεδόθη
1400 2666 1489 2750 παρὰ
1511 2675 1569 2749 τῆς

263 2761 369 2843 θήκης
388 2770 448 2826 τοῦ
467 2762 644 2848 μάρτυρος,
703 2765 875 2849 κρείττονα
894 2762 914 2846 ή
932 2761 1003 2827 κατ’
1029 2768 1189 2846 αίσθησιν
1230 2761 1343 2848 φέρων
1366 2761 1546 2848 ἐνέργειαν,

264 2858 347 2922 ὥστε
370 2867 468 2924 νικάν
490 2858 545 2924 καὶ
568 2869 629 2924 τοῦ
652 2859 776 2944 ἀνέμου
798 2862 835 2925 τὸ
859 2861 1031 2926 σύντονον.
1103 2853 1187 2942 ἦλθε
1217 2860 1280 2944 γάρ
1309 2860 1350 2924 οὐ
1377 2862 1482 2943 μόνον
1515 2858 1569 2924 ἐπὶ

265 2955 304 3019 τά
327 2959 439 3041 πρόσω
463 2958 500 3022 τὸ
518 2966 576 3041 τής
595 2958 697 3042 ὀσμῆς
716 2959 846 3040 εὐῶδες,
865 2958 950 3023 ἀλλὰ
968 2960 1031 3042 γὰρ
1050 2955 1105 3022 καὶ
1124 2955 1177 3022 ἐπὶ
1196 2959 1236 3022 τὰ
1253 2958 1379 3040 πλάγια
1396 2967 1568 3041 πανταχοῦ
1599 2974 1606 2988 ·

262 3051 318 3117 καὶ
340 3055 450 3139 κύκλῳ
474 3054 661 3140 διέδραμεν,
761 3055 806 3132 ὡς
832 3055 888 3121 καὶ
917 3058 996 3132 τοὺς
1024 3056 1089 3122 ἀπὸ
1119 3059 1264 3140 σημείων
1293 3066 1395 3140 τριῶν
1425 3056 1568 3120 ὄπισθεν

228 3167 254 3206 1⁵
263 3150 318 3216 καὶ
336 3154 418 3216 κατὰ
436 3154 584 3238 πλευρὰν
602 3151 830 3230 ὑποπλέοντας
916 3153 1145 3238 ἐμπλησθῆναι
1167 3162 1225 3237 τῆς
1248 3153 1389 3229 εὐωδίας
1405 3162 1466 3217 τοῦ
1484 3154 1566 3238 μάρ-

263 3274 371 3334 τυρος.

237 3351 256 3405 9
355 3347 532 3432 ἐκθάμβων
550 3345 588 3414 δέ
611 3348 799 3434 γενομένων
822 3349 977 3415 ἁπάντων
999 3352 1058 3415 καί
1084 3374 1159 3414 τινα
1182 3348 1399 3432 ἐπιθειασμὸν
1422 3342 1568 3414 εἶναιτὸ

156 3580 484 3665 πεο-εεέμβαλόμενοι
504 3580 541 3646 ἐν
559 3585 662 3669 πλοίῳ
682 3584 801 3647 ἔπλεον
819 3584 880 3666 τήν
899 3581 951 3647 ἐπὶ
970 3582 1330 3647 Κωνσταντινούπολιν
1347 3579 1437 3645 ὁδόν.
1460 3578 1569 3664 οίομέ-

263 3703 333 3743 νων
360 3676 397 3742 δέ
424 3678 535 3744 αὐτῶν
564 3681 722 3766 κρύπτειν
752 3681 788 3744 τὸ
816 3689 876 3744 τοῦ
906 3679 1004 3762 ἁγίου
1034 3678 1089 3745 καὶ
1113 3686 1374 3765 θαυματουργοῦ
1409 3680 1568 3754 λείψανον

263 3777 385 3842 εὐωδία
413 3800 463 3853 τις
488 3775 572 3861 ὑπὲρ
600 3777 820 3864 ἀνθρωπίνην
847 3783 1007 3860 αίσθησιν
1035 3777 1218 3859 ἀνεδίδοτο,
1242 3776 1360 3862 οὐρίου
1383 3773 1508 3858 ἀνέμου
1531 3775 1567 3838 τὸ

263 3875 389 3958 σκάφος
417 3873 616 3951 ἐλαύνοντος
644 3875 679 3940 ἐκ
701 3876 866 3960 πρύμνης,
895 3874 978 3938 ὥστε
1005 3875 1066 3939 ὅλα
1094 3874 1134 3938 τὰ
1160 3879 1261 3938 πλοῖα
1291 3875 1331 3937 τὰ
1358 3871 1394 3936 ἐκ
1423 3874 1568 3954 πλαγίου

227 3971 366 4035 θαύτοῦ
390 3973 434 4048 ὡς
457 3972 521 4037 ἀπὸ
545 3976 689 4057 σημείων
712 3976 793 4039 ὐντα
815 3983 919 4058 τριῶν
936 3980 994 4054 τής
1012 3970 1143 4055 ἁῳάτου
1162 3969 1288 4052 ἐκείνης
1307 3969 1450 4045 εὐωδίας
1475 3968 1568 4051 ἐπλή-

263 4074 403 4150 σθησαν.
427 4067 445 4133 δ
469 4064 531 4134 οὖν
554 4072 703 4156 φρουρὸς
726 4080 785 4135 τοῦ
808 4071 908 4153 ἁγίου
925 4068 979 4134 καί
997 4076 1259 4152 θαυματουργοῦ
1278 4065 1439 4144 λειψάνου
1465 4067 1565 4131 εἰσελ-

262 4165 337 4230 θὼν
361 4165 413 4231 ἐπὶ
436 4168 497 4250 τήν
518 4170 628 4252 θήκην
651 4166 705 4233 καὶ
728 4175 844 4252 θαῦμα
867 4168 1010 4254 φρικτὸν
1033 4166 1116 4231 ἰδὼν
1139 4165 1287 4250 ἐβόησεν·
1312 4164 1432 4247 “ἁγιος,
1459 4164 1568 4246 ἁγιος,

263 4264 376 4347 ἁγιος’.
399 4259 441 4348 ήν
464 4265 527 4350 γὰρ
551 4266 588 4330 τὸ
617 4272 715 4331 θεῖον
742 4268 902 4343 λείψανον
928 4264 1178 4350 ὐπερεκβλύσαν
1208 4264 1306 4346 ἁγιον
1332 4262 1456 4346 μύρον,
1483 4260 1568 4326 ὥστε

354 4537 369 4585 5
388 4540 477 4601 ταχῶς
495 4529 540 4599 ΑΙ
557 4536 572 4583 6
590 4528 781 4597 θεραπεύουσι
799 4529 824 4582 Α
846 4532 850 4599 Ι
868 4533 900 4580 11
919 4525 1064 4597 μείνοντος
1081 4526 1106 4579 Α
1121 4528 1126 4595 1
1144 4532 1176 4580 16
1196 4525 1230 4580 of.
1251 4526 1349 4580 Genea.
1371 4530 1414 4592 50,
1429 4529 1463 4577 25

407 4721 441 4773 28
459 4719 524 4787 posia
541 4717 573 4772 τὸ
591 4732 690 4770 rasura
