3550 5317
650 337 690 392 De
709 337 889 394 incubatione
909 336 1070 391 christiana.
1461 339 1502 400 81

199 504 249 586 11,
263 499 401 567 34534.
428 501 463 566 οί
484 497 520 566 δὲ
542 500 698 587 μακάριοι
721 501 884 587 μάρτυρες
906 501 1065 578 πολλάκις
1088 500 1176 588 αὐτῷ
1199 502 1330 587 νύκτωρ
1350 500 1506 586 ἐπιφερό-

197 624 292 685 μενοι
314 600 364 683 12,
380 598 465 662 3457
477 599 513 663 Β.
538 597 697 685 φανέντες
715 599 779 685 γὰρ
797 597 875 663 καθ’
897 599 1025 675 ὕπνους
1044 598 1144 686 αύτῷ,
1163 600 1289 684 ὥσπερ
1312 599 1507 664 εἰώθασιν

197 698 238 763 ib.
253 698 341 762 3460
352 695 384 762 0.
407 706 506 762 τοῦτο
529 699 593 783 γὰρ
617 698 653 760 οί
671 697 761 779 ἁγιοι
785 695 826 760 δι’
856 696 1025 761 ἐνυπνίων
1047 698 1083 762 τὸ
1107 700 1262 781 βοηθημα
1283 695 1381 762 παντὶ
1404 713 1507 781 προσ-

200 794 330 878 ενέγκαι
358 803 403 884 τῷ
431 795 557 878 σώματι
586 846 591 858 .
621 845 627 858 .
656 843 663 859 .
691 792 896 880 προσέταξαν
926 793 976 880 15,
990 793 1122 858 34690.
1151 796 1187 858 οί
1211 791 1248 860 δὲ
1276 795 1395 870 νυκτὸς
1422 795 1507 881 πρὸς

198 894 302 959 αὐτὸν
337 892 495 969 ἐλθόντες
529 893 740 957 καθεύδοντα
778 894 832 976 16,
856 892 944 958 3472
954 892 992 956 D.
1040 894 1122 978 ὕναρ
1163 891 1327 978 ὀφθέντες
1368 892 1505 957 ίάσαντο

200 991 250 1074 17,
265 988 402 1056 34764.
434 989 586 1055 ὕπνώσαι
618 991 677 1055 τὸν
705 994 844 1056 Παῦλον
873 1043 879 1054 .
904 1043 910 1055 .
939 1040 946 1054 .
978 994 1175 1074 ποιήσαντες
1202 1042 1208 1055 .
1237 1041 1245 1054 .
1272 1041 1279 1054 .
1312 989 1505 1076 ἐφίστανται

197 1089 328 1175 νύκτωρ
360 1088 562 1153 καθεύδοντι
602 1088 657 1172 18,
676 1086 814 1152 34761).
859 1088 1023 1174 μάρτυρες
1058 1087 1135 1153 καθ’
1176 1087 1304 1164 ὕπνους
1343 1086 1507 1174 ὀφθέντες

199 1186 251 1270 20,
266 1183 402 1250 34814.
425 1183 481 1250 καὶ
504 1184 665 1250 ἐνύπνιον
687 1183 742 1248 καὶ
761 1186 844 1272 ὄναρ
863 1184 948 1272 δρᾶν
970 1186 1228 1270 παρεσκεύασαν.
1252 1183 1347 1250 αὐτοὶ
1366 1181 1404 1250 δέ
1421 1180 1507 1268 ἦσαν

199 1285 235 1349 οί
255 1286 435 1360 δεδωκότες
458 1283 542 1369 ὁρᾶν
564 1280 620 1347 καὶ
643 1285 841 1366 φαινόμενοι
866 1280 990 1369 (itaque
1009 1284 1070 1369 ipsi
1095 1285 1128 1347 in
1147 1305 1211 1366 quo
1230 1288 1406 1369 appareant
1425 1306 1508 1347 mar-

198 1386 285 1466 tyres
308 1382 444 1446 mittunt
467 1377 644 1466 somnium)
668 1380 721 1464 21,
736 1380 867 1444 3484Β.
892 1381 1074 1446 ἐκάθευδεν
1096 1379 1158 1466 μὲν
1187 1377 1250 1447 οὕν
1272 1381 1290 1447 ὀ
1316 1381 1506 1465 Γεννάδιος,

201 1481 397 1566 ἠγρύπνουν
420 1474 457 1543 δέ
480 1478 644 1564 μάρτυρες
668 1527 674 1541 .
699 1529 705 1541 .
731 1530 737 1541 .
760 1479 843 1564 πρὸς
866 1466 969 1543 αὐτὸν
991 1481 1230 1566 παραγίνονται
1252 1481 1305 1565 23,
1320 1478 1451 1544 34880.
1475 1480 1510 1542 οί

170 1631 171 1636 ,
200 1578 290 1660 ὕγιοι
325 1574 393 1641 κατ’
429 1577 514 1662 ὀναρ
546 1573 707 1659 φανέντες
745 1575 798 1659 24,
816 1574 946 1641 34920.
983 1585 1160 1665 νυσταγμῷ
1199 1581 1299 1662 βαθεῖ
1329 1575 1507 1663 καταφέρε-

202 1698 256 1740 ται
281 1724 288 1738 .
312 1723 319 1738 .
343 1723 350 1737 .
374 1671 446 1738 ἀλλ’
474 1674 592 1739 ἰδοῦσα
613 1672 752 1749 τούτους
776 1671 962 1760 (maniyres)
990 1674 1035 1750 ώς
1061 1674 1226 1750 ἀκουσίως
1253 1674 1444 1740 ἐκάθευδε.
1468 1725 1475 1739 .
1499 1725 1507 1739 .

203 1770 299 1837 αὐτοὶ
321 1767 359 1836 δὲ
382 1820 389 1834 .
414 1820 420 1834 .
444 1819 451 1834 .
470 1770 554 1857 πρὸς
577 1770 680 1853 αὐτὴν
698 1774 939 1855 παραγίνονται
957 1777 1026 1837 κτλ.
1049 1771 1101 1856 25,
1115 1771 1252 1837 34931).
1275 1771 1354 1838 καθ’
1379 1771 1508 1849 ὕπνους

200 1871 263 1956 γὰρ
287 1869 370 1954 αὐτῇ
397 1865 622 1955 παραστάντες
651 1867 704 1953 26,
718 1867 854 1933 34974.
886 1870 993 1957 τούτῳ
1021 1867 1098 1935 καθ’
1130 1869 1258 1947 ὕπνους
1285 1867 1448 1954 ὀφθέντες
1475 1871 1510 1935 οί

200 1968 364 2054 μάρτυρες
387 1967 439 2051 28,
454 1965 541 2030 3505
550 1966 588 2030 Β.
611 1966 742 2052 νύκτωρ
765 1967 968 2032 καθεύδοντι
992 1970 1169 2052 φαίνονται
1192 1967 1244 2053 30,
1259 1966 1393 2033 3517Β.
1416 1967 1507 2032 ἐπελ-

200 2066 329 2148 θούσης
352 2062 389 2130 δ“ε
415 2073 473 2148 τῆς
495 2065 615 2140 νυκτὸς
642 2064 937 2130 ...καθεύδοντι
966 2065 1001 2130 οί
1024 2072 1115 2130 θεῖοι
1140 2068 1358 2151 παρίστανται
1383 2065 1506 2150 μάρτυ-

199 2186 254 2249 ρες
282 2162 324 2226 ib.
352 2160 440 2226 3520
450 2161 486 2226 Β.
533 2160 749 2245 ἐπιφανέντες
785 2157 848 2227 οὖν
882 2161 960 2227 καθ’
1001 2162 1129 2239 ὕπνους
1166 2164 1202 2227 oi
1235 2164 1400 2249 μάρτυρες
1429 2210 1436 2226 .
1464 2211 1472 2226 .
1500 2212 1507 2225 .

203 2258 328 2344 φασίν.
347 2309 355 2324 .
374 2309 382 2324 .
403 2312 408 2324 .
427 2257 482 2324 καὶ
501 2257 682 2344 ταῦταμὲν
705 2262 788 2347 ὀναρ
812 2260 900 2348 αύτςῖ
923 2259 1225 2347 προσεφθέγγοντο.
1249 2259 1267 2325 ὁ
1291 2256 1328 2324 δὲ
1351 2258 1508 2346 στραφεὶς

201 2359 281 2442 μετὰ
304 2359 366 2441 τὴν
384 2358 506 2444 ,ὅρασιν
529 2363 595 2422 κτλ.
620 2356 673 2441 31,
687 2356 771 2421 3521
783 2357 822 2421 D.
845 2355 922 2444 περὶ
944 2359 1004 2422 τὸν
1026 2359 1155 2444 ὀρθρον
1180 2357 1360 2443 ἁφύπνωσε
1384 2410 1390 2422 .
1414 2408 1421 2422 .
1445 2406 1452 2422 .
1475 2359 1511 2422 οἳ

199 2455 424 2542 παραστάντες
457 2452 513 2541 (ευ.
537 2452 722 2540 martyres),
750 2455 799 2531 ὡς
825 2467 946 2520 πᾶσιν
978 2455 1171 2520 εἰώθασιν
1202 2460 1270 2520 κτλ.
1298 2456 1354 2540 34,
1373 2454 1461 2518 3540
1470 2455 1507 2519 Β.

203 2552 393 2629 ἐπιστάντες
424 2552 513 2641 αὐτῷ
540 2551 617 2618 καθ’
652 2553 779 2630 ὕπνους
810 2555 845 2618 οί
876 2554 966 2636 ὕγιοι
992 2554 1070 2618 τάδε
1097 2563 1207 2619 ποιεῖν
1237 2552 1428 2632 διετάξαντο
1456 2551 1508 2637 35,

200 2650 289 2716 3544
298 2651 335 2716 Β.
369 2650 530 2735 φανέντες
557 2653 605 2728 είς
633 2653 714 2738 όναρ
743 2650 925 2737 ἀμφότεροι
953 2651 1005 2737 36,
1020 2649 1156 2716 35524.
1184 2650 1268 2738 ὁρᾶν
1295 2651 1402 2716 ἐδόκει
1430 2653 1509 2726 τοὺς

201 2749 370 2836 μάρτυρας
393 2749 435 2814 ib.
455 2748 587 2814 35520.
612 2749 794 2835 άφύπνωσε
820 2747 872 2830 καλ
889 2799 897 2814 .
917 2748 1050 2833 ,βλέπει
1076 2751 1155 2825 τοὺς
1182 2750 1508 2836 μάρτυρας...παρε-

206 2857 332 2922 στῶτας
354 2845 410 2911 καὶ
433 2844 589 2930 λέγοντας
613 2846 814 2932 1135534,
838 2847 877 2912 cf.
897 2844 1140 2930 1635574ίΒ.
1160 2846 1320 2912 ἐκάθευδε
1337 2845 1392 2911 καὶ
1410 2868 1509 2933 παρε-

203 2953 330 3020 στῶτας
348 2943 460 3027 βλέπει
478 2948 557 3021 τοὺς
575 2946 742 3031 μάρτυρας
756 2945 799 3009 ib.
818 2943 904 3008 3557
915 2943 948 3009 0.
966 2947 1045 3021 τοὺς
1063 2945 1178 3027 ἁγίους
1197 2943 1304 3010 ἐδόκει
1317 2944 1507 3010 θεάσασθαι

202 3041 255 3126 37,
270 3039 354 3105 3561
369 3040 403 3106 0.
426 3043 629 3108 καθεύδοντι
653 3046 830 3126 φαίνονται
854 3042 908 3128 38,
921 3040 1008 3106 3565
1018 3041 1057 3107 D.
1079 3039 1158 3106 καθ’
1180 3042 1222 3125 ἣν
1241 3039 1298 3129 (so.
1317 3039 1435 3129 νύκτα)
1453 3040 1508 3107 καὶ

201 3141 237 3205 oi
256 3140 420 3227 μάρτυρες
442 3139 607 3229 Στεφάνῳ
635 3190 643 3205 .
672 3192 678 3204 .
707 3190 714 3206 .
742 3143 922 3226 φαίνονται
949 3139 991 3204 ib.
1016 3138 1102 3203 3568
1113 3139 1152 3204 D.
1179 3140 1281 3205 πάλιν
1308 3139 1398 3228 αὐτῷ
1425 3142 1508 3205 κατὰ

200 3239 278 3314 τοὺς
301 3237 430 3315 ὕπνους
452 3238 623 3325 ἐφάνησαν
645 3239 687 3304 ib.
707 3237 793 3304 3569
804 3239 840 3304 B.
864 3239 900 3305 οί
920 3236 1084 3324 μάρτυρες
1107 3239 1141 3303 δι
1177 3236 1352 3322 δραμάτων
1380 3237 1507 3303 ἐκέλευ-

202 3352 266 3400 σαν
289 3334 332 3399 ib.
351 3335 390 3399 D.
413 3339 491 3412 τοὺς
513 3335 636 3419 ἁγίους
663 3338 867 3422 κοιμώμενος
890 3387 898 3400 .
921 3386 928 3401 .
953 3388 959 3400 .
983 3339 1120 3420 ἔβλεπεν
1147 3334 1204 3420 39,
1218 3334 1305 3399 3576
1315 3333 1400 3420 AsB.
1432 3335 1502 3402 κατ’

203 3432 332 3516 ἐκείνην
355 3435 417 3517 τὴν
440 3435 544 3499 νύκτα
565 3435 770 3519 κοιμώμενος
791 3443 1001 3521 παρεστῶτας
1028 3434 1116 3520 αύτῷ
1140 3432 1253 3517 βλέπει
1281 3436 1359 3510 τοὺς
1385 3433 1508 3520 μάρτυ-

202 3554 263 3616 ρας
295 3529 353 3615 40,
372 3529 458 3595 3577
471 3529 504 3595 O.
551 3530 671 3596 Caecus
704 3531 834 3615 quidam
864 3533 1070 3617 κοιμώμενος
1100 3531 1184 3616 πρὸς
1214 3541 1272 3614 της
1303 3541 1370 3596 τών
1402 3530 1507 3614 ἁγίων

202 3628 304 3710 ἤκουε
328 3629 462 3715 χάριτος
483 3633 550 3694 κτλ.
574 3628 627 3715 46,
641 3627 772 3693 35960.
802 3627 925 3692 Ibidem
944 3628 974 3692 D
993 3627 1074 3693 alter
1092 3649 1204 3693 caecus
1227 3637 1285 3711 τῆς
1307 3628 1408 3711 αὐτῆς
1425 3629 1508 3711 πρὸς

204 3726 316 3790 αὐτῶν
338 3725 484 3803 ἀκούσας
505 3727 685 3803 κελεύσεως
707 3731 774 3791 κτλ.
803 3723 856 3813 (cf.
876 3724 1014 3790 359713:
1042 3726 1087 3802 ώς
1109 3722 1147 3790 δὲ
1174 3723 1248 3809 μεθ’
1280 3724 1389 3790 ὕπνον
1415 3723 1508 3812 κτλ).

203 3823 238 3888 οί
259 3819 296 3888 δέ
318 3825 425 3912 τούτῳ
447 3823 517 3890 κατ’
550 3826 632 3911 ὀναρ
660 3827 877 3911 παρίστανται
905 3823 961 3889 καὶ
983 3825 1044 3889 τὸν
1070 3825 1196 3909 τρόπον
1222 3832 1280 3907 τῆς
1307 3823 1420 3906 ὑγείας
1447 3846 1507 3906 μη-

202 3921 344 3987 νύουσιν
373 3922 430 4007 47,
449 3921 538 3986 3600
547 3921 584 3986 Β.
623 3921 785 3988 ἐκάθευδε
808 3972 815 3986 .
839 3971 846 3987 .
870 3971 877 3987 .
900 3920 955 3987 καὶ
987 3919 1121 4005 βλέπειν
1151 3920 1259 3986 ἐδόκει
1286 3923 1364 3996 τοὺς
1390 3919 1508 4003 ἁγίους

202 4017 341 4103 δράματι
372 4029 474 4085 ταῦτα
503 4023 753 4108 προσελθόντας
788 4018 843 4085 καὶ
880 4018 1038 4102 λέγοντας
1071 4018 1124 4104 49,
1139 4017 1226 4082 3605
1236 4018 1276 4082 D.
1311 4018 1432 4095 νυκτὸς
1461 4020 1508 4095 είς

203 4116 306 4181 αὐτὸν
328 4116 524 4202 ἀφικόμενοι
551 4117 603 4202 50,
618 4117 752 4182 36091).
775 4117 910 4182 ἐλθόντι
937 4117 1001 4201 γὰρ
1025 4116 1113 4204 αύτῷ
1136 4115 1214 4181 καθ’
1239 4115 1348 4182 ὕπνον
1372 4117 1407 4180 οί
1426 4117 1507 4201 μάρ-

202 4237 300 4300 τυρες
314 4217 491 4298 φαίνονται
504 4214 559 4280 καὶ
573 4214 732 4301 φανέντες
749 4216 787 4280 τὸ
805 4214 915 4289 πάθος
934 4214 1038 4289 εὐθὺς
1056 4215 1308 4297 φυγαδεύουσιν
1317 4212 1370 4299 55,
1378 4211 1506 4278 3625Β.

203 4322 242 4398 τῇ
257 4313 378 4395 ταύτης
391 4309 511 4399 (αὐτῇῦ
526 4312 646 4377 ‘eadem
660 4313 766 4378 nocte'
780 4311 886 4376 versio
900 4309 970 4398 lat.)
991 4310 1206 4397 ἐπιφανέντες
1219 4310 1315 4378 νυκτὶ
1328 4321 1386 4395 τῆς
1400 4309 1506 4395 άρρω-

203 4412 296 4485 στίας
309 4407 447 4474 ἐδίδουν
464 4411 501 4475 τὸ
521 4407 836 4496 φάρμακον...καθ’
864 4409 973 4474 ὕπνον
997 4411 1060 4495 γὰρ
1083 4419 1185 4475 ταῦτα
1208 4420 1317 4476 ποιεῖν
1340 4407 1506 4472 ἐκελεύετο

203 4504 255 4592 58,
263 4506 351 4573 3632
360 4505 443 4572 4.Β.
467 4506 708 4594 φανέντεςγὰρ
726 4509 809 4574 κατὰ
826 4510 906 4583 τοὺς
924 4507 1052 4584 ὕπνους
1070 4508 1106 4573 οί
1121 4509 1211 4591 ἁγιοι
1229 4512 1296 4571 κτλ.
1315 4503 1367 4588 59,
1378 4503 1506 4568 3633Β.

203 4599 384 4692 μάρτυρες
398 4607 480 4692 ὀναρ
513 4605 677 4691 ὀφθέντες
705 4605 761 4690 60,
776 4604 907 4670 36360.
940 4606 975 4670 oi
998 4605 1163 4692 μάρτυρες
1194 4606 1282 4690 αὐτῷ
1314 4600 1507 4690 κοιμωμένῳ

204 4707 406 4787 παρίσταντο
425 4703 476 4789 61,
491 4703 578 4768 3637
590 4701 622 4770 0.
647 4706 728 4792 ὀναρ
747 4702 907 4790 φανέντες
927 4704 1063 4769 ίάσαντο
1082 4702 1134 4786 63,
1149 4702 1237 4768 3644
1246 4701 1282 4765 Β.
1305 4701 1507 4765 καθεύδοντι

256 4817 401 4869 Βοιώτιον,
417 4819 445 4858 de
458 4818 614 4863 incubatione.
1277 4811 1293 4858 6
