3550 5317
276 318 339 382 122
845 319 985 374 Laudatio
1399 327 1577 390 3‚13-4‚20

273 483 409 566 αἵματος
430 479 524 558 τέλος
547 483 665 567 ίδρῶσι
687 480 742 548 καλ
765 486 880 560 πόνοις
904 483 1098 570 έγκαρτερετ.
1125 483 1282 550 κάκεῖθεν
1313 494 1494 570 στομοῦται
1516 483 1578 571 μέν

275 580 311 644 τὸ
335 590 427 662 σῶμα
450 580 532 665 πρὸς
555 581 701 665 δύναμιν
724 583 879 667 ἄρρητον,
961 585 1069 659 θείοις
1092 578 1130 647 δὲ
1151 579 1306 670 τρέφεται
1382 584 1444 666 τήν
1465 585 1576 668 φυγήν

239 701 264 743 1⁶
274 679 498 763 θεωρήμασιν,
565 677 620 742 καὶ
643 680 723 763 μετά
746 680 806 745 τὸν
829 674 938 744 ἀθλον
961 680 1065 745 αὐτοῦ
1088 682 1136 756 είς
1158 680 1323 764 οὐρανοὺς
1346 678 1556 766 ἀναφέρεται,
1663 725 1669 736 ·

274 787 344 850 τοῖς
366 785 433 840 τῶν
455 774 639 860 ἀσωμάτων
662 775 784 842 αὐτόθι
806 789 919 863 χοροῖς
942 777 1196 863 ἀριθμούμενος.

248 886 265 942 4
366 871 466 957 βαβαί
491 883 548 958 τῆς
572 874 760 960 ἱερουργίας
782 872 837 939 καὶ
860 883 1019 959 μυστικῆς
1041 873 1251 952 τελειώσεως·
1330 876 1370 941 οὐ
1393 877 1578 959 λιβανωτὸν

275 971 418 1036 ἀποθύει
442 969 497 1036 καί
521 983 590 1049 τοῖς
614 971 740 1051 ἔξωθεν
761 975 1051 1057 περιρραντηρίοις
1074 973 1249 1057 άγνίζεται,
1312 971 1382 1038 ἀλλ’
1406 974 1485 1038 ὅλον
1504 972 1578 1039 ἑαυ-

280 1071 339 1134 τὸν
363 1070 515 1154 φωράσας
538 1075 686 1153 Χριστοῦ
708 1078 769 1136 τοῦ
794 1073 881 1137 Θεοῦ
905 1094 971 1155 μου
993 1080 1064 1147 τοῖς
1086 1072 1200 1155 αἵμασι
1258 1069 1314 1136 καὶ
1341 1073 1471 1148 τούτοις
1498 1072 1577 1138 ἀνα-

275 1167 412 1253 τραφεὶς
434 1171 517 1254 πρὸς
539 1171 764 1254 πνευματικήν
787 1169 1004 1254 ἀνδρειότητα
1093 1169 1173 1234 ὅλον
1196 1165 1315 1235 ἑαυτὸν
1343 1168 1458 1256 έκείνφ
1479 1194 1577 1235 κατα-

251 1269 351 1332 ιθύει
374 1263 428 1330 καί
452 1265 637 1349 σπένδεται,
704 1277 775 1344 τοῖς
794 1265 913 1332 ἑαυτοῦ
935 1263 990 1330 καί
1010 1270 1156 1350 Χριστοῦ
1179 1267 1406 1351 τελειούμενος
1428 1268 1551 1352 αἵμασι.

273 1372 391 1450 θαρρῶ
416 1365 479 1448 γὰρ
506 1366 610 1430 εἰπεῖν
634 1365 684 1430 ὅτι
707 1363 762 1430 καί
785 1370 932 1450 Χριστοῦ
956 1365 996 1429 τά
1018 1375 1085 1429 τῶν
1108 1364 1212 1429 αὐτοῦ
1240 1366 1418 1450 μαρτύρων
1445 1366 1579 1448 σώματά

272 1460 384 1526 τεκαὶ
408 1463 537 1546 αἵματα,
587 1462 638 1526 ὅτι
661 1460 716 1527 καλ
739 1461 819 1548 μέλη
843 1467 990 1547 Χριστοῦ
1013 1460 1067 1527 καί
1090 1461 1213 1527 εὐωδία
1235 1464 1412 1545 γεγόνασιν
1462 1462 1579 1546 [ταῦτα

271 1557 332 1645 μέν
356 1552 423 1624 ὧδέ
443 1581 513 1636 πως
536 1555 623 1644 εἶχεν
646 1558 701 1625 καὶ
721 1561 816 1647 ίερῶς
839 1559 1051 1643 έκτετέλεστο,
1097 1563 1147 1636 τίς
1165 1557 1246 1642 δὲὴ
1273 1569 1333 1625 τοῦ
1351 1559 1451 1643 ’Ἅβελ
1472 1563 1578 1625 θυσία

271 1655 327 1723 καὶ
351 1663 429 1722 Νῶε
453 1655 506 1722 καὶ
531 1668 598 1722 τῶν
623 1658 912 1744 ίερουργησάντων
934 1660 1035 1723 πάλαι
1058 1660 1197 1724 δικαίων
1219 1656 1275 1722 καὶ
1298 1659 1354 1723 διὰ
1373 1666 1472 1723 τοῦτο
1504 1661 1578 1745 Θεῷ

237 1782 262 1820 10
273 1753 494 1839 τετιμημένων
532 1754 743 1840 ἀνάγραπτόν
774 1781 809 1821 τε
840 1756 902 1839 τήν
932 1757 1066 1840 μνήμην
1098 1755 1283 1840 ἐσχηκότων
1315 1764 1375 1820 τοῦ
1408 1756 1579 1840 κατορθώ-

274 1877 388 1937 ματος;
462 1853 523 1937 οὐχ
546 1852 564 1918 δ
587 1850 649 1938 μέν
671 1856 756 1940 ἀρνα
779 1856 1002 1940 πρωτότοκον,
1078 1853 1095 1919 ὁ
1120 1849 1156 1917 δέ
1179 1851 1234 1917 καὶ
1257 1859 1292 1918 εί
1310 1877 1342 1918 τι
1365 1851 1468 1918 πλέον
1490 1852 1578 1937 ὅμως

272 1952 397 2034 ἀλογον
411 1951 516 2035 φύσιν
529 1954 765 2037 προσήνεγκεν,
814 1949 870 2016 καὶ
893 1953 993 2027 ἀλλος
1015 1952 1097 2016 ἀλλο
1115 1975 1147 2016 τι
1170 1949 1248 2036 παρ’
1261 1980 1265 1987 ·
1278 1949 1399 2017 ἑαυτοῦ
1426 1949 1580 2035 έφευρὼν

275 2046 450 2131 ἀξιόλογον
517 2049 600 2133 πρὸς
622 2050 659 2114 τὸ
683 2051 899 2134 οίκειωθήναι
924 2054 996 2137 Θεῷ
1019 2048 1230 2132 ἀνεκόμισεν;
1302 2049 1332 2113 εί
1355 2044 1392 2113 δέ
1414 2050 1577 2114 τοσοῦτόν

275 2146 344 2210 ἐστι
367 2154 424 2230 τής
447 2149 542 2223 θείας
565 2150 822 2233 φιλανθρωπίας
844 2148 882 2212 τὸ
906 2149 1054 2231 ἀπειρον,
1118 2147 1201 2211 ὥστε
1223 2143 1277 2210 καὶ
1297 2148 1375 2222 τοὺς
1393 2146 1493 2232 μικρά
1511 2157 1578 2211 τῶν

240 2269 265 2309 15
280 2242 404 2322 ἔξωθεν
428 2242 591 2328 φέροντας
613 2246 847 2323 είσοικίζεσθαι
937 2242 991 2309 καὶ
1014 2242 1223 2329 θεράποντας
1247 2245 1356 2320 ἰδίους
1378 2241 1433 2307 καὶ
1456 2246 1578 2328 φίλους

273 2341 452 2406 ἀποκαλεῖν
483 2344 561 2418 τούς
589 2339 689 2407 οὐδέν
722 2343 810 2408 ίδιον
842 2341 863 2425 ἀΙ
895 2343 935 2407 τὰ
959 2340 1104 2407 δοθέντα
1131 2343 1220 2426 παρὰ
1249 2345 1338 2406 Θεοῦ
1364 2340 1466 2405 πάλιν
1488 2341 1577 2427 αὐτῷ

274 2439 515 2525 ἀναφέροντας·
583 2443 676 2517 τίνας
697 2439 759 2504 οὐκ
782 2441 825 2505 ἀν
846 2439 1025 2523 καλέσειεν,
1092 2450 1161 2516 πῶς
1184 2435 1222 2503 δέ
1244 2439 1306 2505 οὐκ
1329 2438 1372 2504 δν
1393 2439 1577 2524 προσλάβοι

271 2562 306 2603 τε
356 2535 410 2602 καί
426 2539 631 2603 οίκειύσαιτο
683 2541 762 2614 τοὺς
781 2534 881 2603 οὐδέν
901 2538 983 2604 ἀλλο
1007 2547 1074 2602 τῶν
1097 2529 1162 2601 ὧδε
1184 2539 1364 2621 μενόντων,
1387 2533 1459 2601 ἀλλ’
1481 2535 1579 2612 ὅλους

272 2633 411 2713 ἑαυτοὺς
434 2636 523 2724 αὐτῷ
545 2636 730 2720 θύσαντας]
823 2636 859 2700 οί
878 2634 974 2701 καλοὶ
998 2645 1193 2721 στρατιῶται
1216 2643 1274 2718 τῆς
1296 2637 1449 2718 πίστεως,
1520 2642 1579 2718 τῆς

237 2733 430 2817 ιοάληθείας
453 2734 489 2798 οί
508 2736 552 2819 μή
577 2736 795 2820 φθειρόμενοι
829 2734 1003 2821 μάρτυρες,
1067 2735 1173 2809 ὅντως
1205 2732 1368 2818 ὁλόκληρα
1442 2733 1577 2817 θύματα

164 2947 338 3016 αιτ-ιιούκ
354 2949 442 3037 ,ἀνευ
466 2937 503 3012 δέ
526 2945 600 3027 βίας
619 2942 666 3016 εἰς
689 2956 788 3013 τοῦτο
812 2946 937 3012 έλθύν·
960 2949 1062 3031 φίλον
1084 2947 1148 3033 γάρ
1170 2941 1214 3030 ἦν
1235 2947 1325 3034 αὐτῷ
1348 2947 1385 3012 τὸ
1404 2943 1579 3030 ἡσυχάζειν

272 3044 331 3110 ἀεί.
356 3043 540 3131 διαπρέψας
563 3039 626 3109 οὐν
649 3044 686 3109 έν
708 3054 747 3130 τῇ
770 3054 830 3109 τοῦ
856 3049 944 3109 Θεοῦ
974 3043 1129 3132 έκκλησίμ
1156 3047 1298 3131 χρόνους
1325 3046 1500 3120 πλείστους
1522 3041 1577 3108 καὶ

236 3159 261 3201 1⁵
272 3146 436 3228 δόγμασιν
467 3142 634 3225 εὐσεβείας
664 3141 719 3208 καὶ
750 3145 901 3228 θαύμασι
928 3142 1129 3228 παραδόξοις
1159 3143 1284 3220 πάντας
1315 3143 1579 3217 καταπλουτίσας

272 3243 328 3307 διὰ
351 3249 409 3324 τής
432 3241 536 3305 αὐτοῦ
560 3237 681 3306 ένθέου
704 3240 821 3326 ἀρετῆς
843 3238 978 3306 καὶτοῦ
1005 3238 1235 3323 ἀληθεστάτου
1258 3243 1372 3323 λόγου,
1393 3237 1487 3315 τέλος
1509 3249 1579 3314 τοϊς

273 3337 316 3404 δι’
343 3340 480 3423 αἵματος
504 3339 622 3424 ίδρῶσι
645 3336 700 3403 καί
723 3341 840 3415 πόνοις
862 3335 1076 3425 ἐνεκαρτέρει.
1098 3335 1154 3402 καί
1173 3338 1253 3402 ὅλον
1276 3335 1396 3402 ἑαυτὸν
1417 3337 1579 3402 καταθύει

272 3435 327 3502 καί
351 3433 525 3501 σπένδεται
548 3445 617 3511 τοῖς
641 3432 761 3501 ἑαυτοῦ
786 3436 1015 3519 τελειούμενος
1041 3436 1165 3520 αἵμασι.
1191 3433 1247 3499 καὶ
1274 3435 1355 3519 μετδι
1383 3436 1444 3500 τὸν
1470 3428 1579 3498 ἀθλον

273 3535 376 3600 αὐτοῦ
407 3535 454 3609 είς
484 3532 649 3621 οὐρανοὺς
679 3531 890 3618 ἀναφέρεται,
912 3545 983 3610 τοῖς
1009 3543 1077 3598 τῶν
1103 3531 1287 3617 ἀσωμάτων
1318 3532 1441 3597 αὐτόθι
1467 3541 1579 3616 χοροῖς

237 3632 529 3718 ιῡάριθμούμενος.
561 3628 617 3695 καὶ
644 3629 750 3706 οὕτως
779 3629 817 3695 έν
846 3635 940 3716 γήρει
969 3635 1058 3718 καλῷ
1086 3629 1290 3699 ἀναπαύεται
1318 3629 1355 3695 έν
1383 3631 1510 3717 Κύπρῳ
1539 3638 1578 3715 τῇ

272 3738 325 3816 γή,
348 3726 662 3815 παρακαταθέμενος
685 3729 724 3795 τά
747 3737 807 3794 τοῦ
831 3731 981 3813 σώματος
1003 3730 1152 3806 λείψανα.

363 3945 396 3992 13
415 3935 490 4001 τέλος
509 3941 574 3993 ante
593 3947 652 4000 τοῖς
669 3939 734 3994 Em
760 3941 765 4009 Ι
790 3936 962 4008 ἐνεκαρτέρει
980 3935 1048 3989 ΕΠ
1065 3936 1069 4006 Ι
1085 3930 1136 4003 μέν
1155 3949 1208 3986 om.
1227 3930 1277 4000 ΑΙ
1303 3935 1336 3983 14
1354 3932 1432 3983 θεῖοι
1450 3928 1500 3998 ΜΙ
1519 3926 1579 3995 τρέ-

274 4039 356 4090 φεται
374 4018 440 4071 Ε11
470 4015 598 4087 στέφεται
617 4018 677 4071 ΑΜ
702 4023 706 4087 Ι
733 4024 765 4073 16
785 4027 840 4073 τῶν
858 4018 956 4072 άθλων
974 4016 1061 4070 ἀύτοῦ
1080 4013 1103 4066 Ε
1119 4018 1152 4067 18
1179 4020 1235 4065 τῶν
1253 4009 1351 4064 ἄθλων
1373 4009 1466 4063 αὐτῶν
1488 4007 1548 4060 ΑΜ
1573 4009 1577 4079 Ι

273 4097 468 4168 ἀναφθέρεται
486 4097 516 4150 Μ
530 4101 539 4167 ΙΙ
552 4105 609 4166 4,6
628 4101 746 4168 θαρρῶν
764 4098 794 4151 Μ
814 4101 818 4169 Ι
839 4104 855 4152 8
875 4096 907 4152 δέ
926 4114 978 4151 om.
998 4095 1023 4149 A
1043 4096 1048 4164 Ι
1072 4100 1088 4148 9
1108 4087 1293 4162 ἵέρονργησάν
1310 4089 1340 4142 Μ
1365 4091 1369 4159 Ι
1394 4085 1579 4158 τετιμημένων

275 4183 336 4253 Θεῷ
355 4179 378 4232 Α
400 4178 405 4251 Ι
427 4184 459 4232 12
483 4175 597 4249 ἁλόγιον
615 4179 645 4231 Μ
670 4180 674 4248 Ι
700 4176 793 4233 ἀλλὸτι
815 4179 845 4231 Μ
877 4175 921 4232 ὅτι
938 4178 964 4230 Α
985 4179 989 4248 Ι
1021 4180 1053 4228 17
1072 4168 1311 4242 άναφέρεσθαιΑ
1336 4172 1341 4238 Ι
1370 4166 1481 4223 καλέσοι
1498 4167 1577 4239 ΑΜΙ

273 4293 463 4366 προολάβηται
480 4294 506 4349 Α
524 4292 703 4365 προσλάβειτε
716 4294 746 4348 Μ
762 4295 766 4364 Ι
784 4299 817 4348 18
836 4290 1050 4362 οίκειάσηταιΑ
1069 4266 1204 4344 οίκειάοεῖ
1222 4304 1251 4341 τε
1265 4285 1295 4338 Μ
1310 4285 1315 4358 Ι
1332 4290 1365 4338 19
1383 4283 1523 4346 θύσαντες
1541 4282 1577 4356 ΑΙ

275 4382 308 4430 20
328 4375 414 4437 ὅντως
432 4376 457 4428 Α
484 4372 519 4428 τὰ
532 4373 587 4446 Mjl
606 4377 671 4444 post
688 4373 803 4443 θύματα
821 4372 849 4426 Μ
878 4372 996 4443 explicit
1013 4370 1044 4424 in
1067 4371 1138 4424 haec
1160 4368 1257 4423 verba:
1281 4373 1331 4421 τοῦ
1350 4369 1484 4434 Χριστοῦ·
1504 4364 1579 4418 άυιῶ

274 4477 291 4526 η
311 4454 380 4522 δόξα
399 4457 447 4510 καλ
464 4455 496 4510 τὸ
519 4452 622 4524 κράτος
640 4453 680 4516 είς
701 4455 767 4517 τούς
789 4454 896 4515 αἰῶνας
917 4462 973 4508 τῶν
995 4451 1107 4506 αἰώνων
1125 4447 1208 4518 ἀμήν.

383 4618 704 4681 16—17=3,12-1³
730 4615 735 4681 ι
761 4618 793 4666 ιι
813 4611 928 4681 τίμιον
947 4612 1007 4666 cod.
1031 4615 1035 4681 ι
1062 4614 1166 4665 17-18
1194 4632 1230 4657 ω
1257 4611 1366 4676 4‚4-5
1390 4608 1394 4675 ι
1420 4608 1525 4659 18-20
1544 4629 1579 4649 =

276 4702 301 4766 ε,
317 4701 421 4750 ιο-ιι
438 4698 442 4767 Ι
459 4699 493 4749 18
511 4704 566 4750 ων
585 4691 683 4750 σείων
702 4693 760 4747 cod.
778 4694 782 4766 Ι
799 4698 903 4748 εο-ει
924 4719 956 4738 =
975 4697 1000 4760 ι,
1015 4697 1085 4744 3-4
