3550 5317
847 308 939 377 Caput
953 309 986 361 Π.

341 469 428 522 draca
446 468 697 539 Zeaqaaystr·ast,“
725 467 951 522 Preller-Robert
970 468 1015 523 Gr.
1034 469 1152 539 Mythol.
1167 469 1180 521 Ι
1195 474 1254 522 113,
1274 470 1310 524 cf.
1324 468 1485 523 Friedreich
1500 471 1579 540 Sym-

341 546 419 601 bolilr
438 550 489 602 etc.
509 567 535 618 p.
551 553 616 603 504:
637 550 719 615 „Wic
736 550 784 603 der
798 548 1015 603 &arsennaria
1032 550 1081 602 der
1094 548 1262 619 Εττοαμενομ
1279 552 1339 604 aa
1356 550 1580 623 Fortpflaazuaq

341 630 385 694 iet,
403 645 432 683 so
451 628 487 683 ist
505 629 549 683 die
569 629 636 683 Kale
654 628 785 683 Siaabald
802 630 849 683 des
869 629 1009 683 Gebdrena
1030 630 1090 683 aad
1108 631 1154 684 des
1172 630 1278 685 Latona
1301 630 1349 685 dar
1367 631 1474 685 Mulier
1492 632 1579 698 Erdc,

341 708 388 762 der
406 707 514 762 Mattcr
535 710 582 763 des
600 709 787 779 Lebeadiqea,
810 710 861 763 dua
883 708 1014 763 Stantild
1035 711 1083 765 der
1101 710 1338 765 Fraebtbarkeit.“
1374 710 1416 763 De
1439 710 1578 780 placentis

339 787 418 843 bovis
438 786 527 841 instar
546 788 682 858 formatis,
702 805 772 856 quas
792 804 885 843 secum
903 789 1056 858 portabant
1074 788 1105 843 in
1118 789 1273 859 Trophonii
1291 793 1404 844 antrum
1417 791 1578 845 descensuri

339 887 362 921 v.
383 867 457 921 infra
475 887 501 937 p.
517 874 566 936 43,
581 874 606 922 4.
643 869 685 922 De
708 870 789 922 tauro
813 868 856 921 vel
878 868 951 922 bove
973 868 1004 922 in
1026 868 1144 939 magicis
1167 888 1191 924 v.
1211 870 1289 925 Riels
1313 889 1333 924 s.
1353 889 1377 924 v.
1397 870 1578 940 Aberglaube

339 966 366 1017 p.
382 953 424 1002 76.
462 948 570 1002 Taurus
590 950 651 1001 ater
668 948 699 1001 in
716 948 847 1017 magicis:
870 949 998 1016 ταύρου
1021 947 1165 1017 μέλανος
1187 948 1268 1019 στέαρ
1287 950 1376 1004 Wess.
1396 949 1442 1005 Gr.
1462 951 1514 1007 ZP.
1533 958 1576 1021 54,

341 1033 418 1082 1333.
455 1028 549 1082 Vacca
573 1031 648 1083 atra:
672 1027 743 1099 μάλα
767 1028 847 1099 βοὸς
869 1026 1087 1098 petatem-ib.
1107 1036 1155 1098 43,
1175 1035 1277 1099 908sq.
1314 1028 1451 1102 βόλβτθον
1470 1033 1514 1101 (ιτ
1529 1032 1576 1103 βό·
1616 1081 1619 1090 ,

340 1111 425 1177 λιτον)
444 1108 524 1180 βοὸς
542 1106 704 1179 μελαίνης
722 1108 761 1163 ib.
777 1114 820 1176 57,
836 1112 904 1162 1439
915 1127 955 1178 sq.
993 1108 1064 1179 μάλα
1083 1108 1162 1180 βοὸς
1181 1112 1341 1180 μελαίνης
1358 1108 1576 1178 πρωτοτόκου

340 1189 387 1242 καλ
406 1186 607 1257 ττρωτοτρόφοο
625 1188 663 1242 ib.
685 1194 744 1257 100,
760 1194 829 1243 3149
840 1206 879 1257 sq.
917 1187 1080 1259 μελαίνης
1097 1190 1177 1261 βοὸς
1196 1189 1384 1260 yuttuAbrax.
1401 1196 1510 1259 17212
1530 1192 1574 1261 (cf.

340 1273 400 1336 181,
415 1270 450 1338 2).
480 1264 549 1337 αλμα
568 1268 730 1339 μελαίνης
749 1272 881 1338 (μελανης
898 1271 936 1339 p.)
955 1267 1034 1341 βοός
1060 1270 1149 1324 Wess.
1173 1269 1253 1324 Neue
1277 1268 1322 1324 Gr.
1347 1271 1398 1325 ZP.
1413 1277 1456 1339 44,
1472 1276 1523 1326 118
1534 1289 1574 1340 sq.

341 1375 374 1394 =
390 1348 458 1404 Ken.
476 1354 536 1417 ros,
551 1354 603 1403 esa
614 1366 653 1419 sq.

267 1475 451 1560 Hercynam
488 1476 521 1540 in
558 1475 737 1559 Trophonii
774 1499 904 1542 nemore
941 1499 1013 1540 cum
1047 1477 1131 1542 Gora
1166 1478 1331 1543 ludentem
1363 1502 1475 1543 anser
1507 1480 1575 1563 qui-

267 1575 341 1637 dam
371 1575 523 1659 effugisse
555 1578 651 1658 atque
682 1575 715 1639 in
748 1578 841 1639 antro
872 1597 906 1639 se
936 1575 1114 1640 occuluisse
1148 1576 1336 1641 tradebatur
1366 1577 1425 1640 sub
1455 1577 1575 1662 lapide,

269 1693 364 1754 quem
388 1694 461 1736 curn
484 1670 613 1736 tolleret
637 1672 728 1758 Gora,
751 1677 788 1737 ut
812 1695 958 1737 anserem
985 1677 1125 1758 caperet,
1158 1698 1242 1759 aqua
1269 1675 1377 1740 subito
1406 1675 1480 1739 inde
1503 1698 1574 1759 pro-

268 1769 373 1833 fluxit.
418 1769 554 1834 Flumen
578 1770 659 1834 illud
686 1770 836 1855 Hercyna
864 1771 1100 1857 appellabatur3
1128 1773 1163 1837 in
1190 1773 1281 1837 ouius
1309 1773 1380 1858 ripa
1406 1772 1575 1856 Hercynae

266 1872 335 1931 erat
345 1868 515 1951 templum:
525 1867 662 1954 virginis
672 1869 776 1933 inerat
791 1873 899 1933 statua
913 1890 1058 1934 anserem
1072 1870 1221 1936 tenentis.
1245 1869 1353 1956 (Paus.
1367 1869 1414 1935 IX
1429 1871 1519 1956 39,2.
1529 1870 1574 1959 3.)

337 2018 478 2084 „Ausees
505 2021 546 2073 ret
570 2020 679 2088 aliquid
705 2020 832 2075 habuisse
858 2036 921 2074 cum
947 2019 1038 2075 Οτοοιι
1066 2018 1214 2073 adnotavit
1239 2018 1383 2073 Dieterich
1408 2021 1475 2090 Pap.
1499 2037 1572 2091 mag.

336 2115 364 2166 p.
381 2103 440 2165 785,
455 2103 471 2152 4
490 2100 566 2153 recte
584 2116 647 2154 mea
666 2098 780 2167 quidem
798 2098 940 2154 sententia
957 2100 1084 2153 refutans
1101 2099 1253 2164 Kellerum,
1272 2098 1322 2168 qui
1340 2098 1370 2153 in
1388 2100 1462 2154 libro
1482 2100 1574 2154 ‘Tiere

339 2178 388 2231 des
416 2178 592 2233 klassischen
618 2179 788 2233 Altertums’
811 2198 838 2249 p.
853 2186 914 2246 292,
929 2185 960 2232 61
988 2179 1172 2233 Friedreichii
1194 2178 1396 2249 explicationes
1418 2179 1575 2249 (symbolik

335 2275 363 2326 p.
379 2261 441 2328 586)
460 2259 649 2328 reprehendit,
668 2260 834 2331 praesertim
857 2277 921 2314 cum
942 2260 1070 2314 Kellerus
1093 2260 1153 2329 ipse
1171 2259 1190 2312 l.
1205 2277 1228 2315 c.
1248 2276 1275 2329 p.
1291 2265 1343 2314 288
1353 2277 1413 2329 sqq.
1433 2263 1462 2315 et
1478 2280 1506 2329 p.
1521 2266 1573 2315 296

336 2337 471 2393 eroticam
493 2339 550 2393 vim
573 2339 650 2393 illius
673 2340 746 2408 avis,
769 2340 818 2408 qui
836 2339 1020 2395 fecunditatis
1043 2340 1155 2410 signum
1177 2338 1349 2407 habebatur,
1375 2340 1453 2415 haud
1475 2340 1573 2410 paucis

336 2418 427 2471 verbis
435 2419 627 2475 declaraverit.
638 2421 679 2474 Ac
689 2437 753 2474 vcro
763 2420 836 2474 inter
843 2436 939 2475 omnes
954 2423 1073 2488 constat,
1082 2422 1219 2489 quantum
1232 2419 1393 2474 interfuerit
1406 2419 1573 2474 Graecorum

336 2500 365 2552 et
382 2499 571 2554 Romanorum
590 2500 737 2555 chthonios
755 2501 868 2570 placare
887 2502 967 2567 deos,
986 2501 1090 2570 quippe
1109 2501 1158 2568 qui
1176 2500 1377 2554 fecunditatem
1396 2501 1574 2570 praeberent.

313 2626 320 2658 ,
336 2578 403 2631 Isidi
413 2596 524 2648 quoque
535 2582 564 2634 et
574 2580 678 2635 Osiridi
692 2597 804 2635 anseres
818 2580 1046 2646 immolabantur,
1060 2581 1134 2635 Lena
1145 2580 1277 2650 Zoologie
1287 2579 1337 2635 der
1346 2580 1424 2634 alten
1436 2578 1575 2635 Griechen

315 2658 394 2712 tund
412 2660 515 2714 Ithmer
532 2679 560 2729 p.
575 2665 635 2715 407.
668 2660 829 2714 Friedreioh
847 2661 866 2715 l.
886 2678 909 2716 c.
940 2660 1083 2716 Dieterich
1101 2661 1119 2715 l.
1135 2679 1157 2716 c.
1195 2660 1297 2715 Nescio
1316 2678 1354 2715 an
1371 2660 1491 2715 fortasse
1509 2679 1573 2715 cum

335 2738 441 2793 erotica
469 2739 519 2793 illa
548 2740 654 2797 anseris
682 2739 887 2810 significatione
915 2741 1010 2809 aliquo
1040 2741 1124 2796 modo
1154 2740 1304 2795 cohaereat
1335 2740 1366 2793 id
1395 2740 1471 2808 quod
1496 2742 1573 2810 apud

336 2817 485 2872 Aelianum
500 2822 645 2874 exaratum
659 2820 763 2890 reperis
779 2819 853 2887 (hist.
869 2838 914 2874 an.
923 2821 1015 2890 V29):
1034 2818 1250 2889 θερμότατος
1263 2819 1294 2874 δὲ
1309 2817 1419 2888 doado
1432 2821 1482 2875 καλ
1495 2823 1574 2876 δια·

335 2901 533 2965 τορώτατος
550 2900 601 2968 τὴν
620 2901 706 2970 φύσιν
723 2899 812 2970 ὁχήν.
840 2901 960 2955 Anseres
975 2900 1088 2955 omnino
1101 2900 1198 2955 multis
1215 2900 1245 2953 in
1259 2900 1371 2970 templis
1385 2900 1572 2969 habebantur,

336 2978 370 3032 cf.
386 2978 552 3035 Artemidor.
573 2980 712 3035 Oneiroor.
731 2980 770 3034 IV
785 2986 832 3035 83:
852 2980 923 3049 ἱερολ
946 2980 998 3051 γὰρ
1022 2982 1050 3035 ol
1076 2989 1159 3052 χῆνες
1181 2982 1229 3035 καλ
1258 2980 1289 3035 ἐν
1314 2990 1394 3042 ναοῖς
1416 2980 1572 3051 decrescat

337 3076 424 3125 μενοι.
461 3060 484 3112 ll
507 3060 622 3129 papyris
645 3060 763 3131 magicis
782 3061 816 3114 cf.
836 3061 919 3116 haec:
943 3061 996 3132 χὴν
1014 3060 1131 3124 ἄστολος
1148 3060 1292 3115 Dieterich
1310 3062 1377 3130 Pap.
1396 3078 1470 3131 mag.
1490 3062 1571 3116 vna

335 3142 365 3192 et
382 3146 458 3207 φῦσα
472 3139 571 3210 χήνεια
585 3139 674 3195 Wess.
689 3139 735 3196 Gr.
747 3140 798 3194 ΖΡ.
814 3146 874 3207 113,
884 3146 936 3194 396
947 3168 981 3187 =
991 3141 1059 3195 Ken.
1076 3147 1118 3207 71,
1134 3147 1184 3194 382
1201 3140 1366 3211 (‘wiudpipe
1380 3140 1411 3194 of
1423 3158 1441 3195 a
1454 3144 1570 3212 goose’).

336 3219 503 3273 Persuasum
521 3219 591 3273 mihi
609 3221 701 3274 habeo
724 3236 781 3273 nou
804 3219 864 3274 sine
887 3238 972 3297 causa
990 3220 1181 3274 Alexandrum
1203 3220 1284 3274 illum
1307 3221 1571 3291 Abonotichensem,

335 3299 384 3366 qui
403 3299 491 3353 altero
509 3318 536 3369 p.
557 3299 618 3355 Chr.
639 3301 751 3354 saeculo
774 3298 862 3357 totius
885 3301 984 3354 mundi
1002 3301 1097 3355 oculos
1119 3300 1197 3355 inse
1217 3304 1400 3368 converterat,
1419 3302 1571 3371 Glyconem

335 3397 415 3432 suum
434 3396 467 3433 ex
486 3379 619 3434 anseris
638 3396 688 3434 ovo
707 3382 893 3450 prodeuntem
906 3380 1006 3435 fecisse
1022 3381 1145 3448 (Lucian.
1160 3381 1238 3435 Alex.
1256 3382 1309 3451 13),
1327 3381 1493 3451 praesertim
1507 3401 1571 3436 cum

335 3458 427 3529 capite
447 3460 575 3526 sequenti
595 3462 649 3529 (14)
669 3461 704 3514 de
722 3478 794 3515 novo
812 3462 862 3515 illo
880 3460 1049 3531 Aesculapio
1068 3460 1170 3514 iterum
1193 3461 1345 3516 asseverari
1368 3462 1498 3517 videatur
1520 3464 1571 3517 οὐκ

335 3540 365 3593 ἐκ
384 3537 579 3607 Κορωνίδος..
593 3538 694 3595 ..οὐδέ
712 3560 742 3611 με
761 3542 895 3611 κορώνης,
914 3538 973 3595 ἀλλ’
996 3542 1030 3595 ἐκ
1048 3542 1153 3611 χηνὸς
1171 3539 1381 3612 γεγεννημένον.

263 3664 460 3751 Amphiarao
480 3666 646 3751 gallinas
666 3669 861 3734 sacrificatas
881 3692 950 3734 esse
969 3692 1008 3734 ex
1027 3667 1258 3753 Aristophanis
1277 3667 1467 3753 Amphiarai
1486 3671 1571 3755 frag-

262 3768 371 3829 mento
394 3764 648 3853 concluserim1).

333 3902 417 3957 Plura
436 3904 471 3958 de
489 3904 574 3974 gallis
593 3924 617 3960 v.
636 3904 710 3961 infra
729 3925 755 3976 p.
771 3913 805 3961 46
817 3924 857 3976 sq.

845 4068 878 4121 Π.
898 4067 984 4121 Alia.

261 4155 467 4221 Placentae
491 4155 684 4243 Aesculapio
709 4160 934 4225 cremabantur
961 4163 1036 4224 ante
1063 4158 1304 4223 lucubationem
1328 4159 1569 4226 instituendam.

262 4252 443 4342 (Aristoph.
462 4254 546 4321 Plut.
562 4255 696 4344 aeosq.)
733 4259 771 4323 of.
786 4280 816 4341 p.
833 4259 883 4323 18.

332 4452 376 4517 ·1)
396 4449 448 4517 frg.
466 4455 498 4503 18
519 4448 609 4503 Kock:
656 4449 747 4518 γύναι,
766 4446 794 4502 τί
811 4450 843 4504 τὸ
861 4447 998 4520 ψοφησολν
1017 4449 1096 4520 ἐσθ’,
1114 4482 1149 4491 -
1167 4450 1325 4518 ἁλεκτρυὼν

647 4528 698 4598 τὴν
716 4529 816 4583 κύλικα
834 4529 1048 4602 καταβέβληκεν.
1070 4561 1101 4571 -—
1122 4527 1276 4600 οἰμώζοντα
1294 4549 1333 4600 με.

261 4618 381 4672 Videtur
399 4618 508 4688 gallina
522 4618 558 4671 ab
573 4617 747 4684 Atheniensi,
767 4617 816 4686 qui
835 4636 898 4672 cum
916 4636 1002 4673 uxore
1020 4619 1186 4690 Amphiarai
1204 4636 1314 4673 sacrum
1332 4617 1413 4685 adiit,
1432 4618 1469 4672 ad
1483 4619 1568 4673 sacri-

261 4698 402 4751 ficandum
421 4696 564 4753 destinata
581 4696 682 4766 fuisse;
701 4715 872 4768 quamquam
892 4699 1009 4754 dubium
1028 4704 1078 4756 est.
