3550 5317
640 323 680 376 De
699 323 879 377 incubatione
898 323 1058 378 christiana.
1098 397 1100 401 .
1462 325 1503 388 79

293 483 455 571 Superest,
479 490 516 549 ut
540 508 739 570 quaeramus,
763 509 840 550 num
862 487 1012 570 Byzantii
1036 487 1070 550 in
1096 486 1176 550 urbe
1197 486 1347 552 Dioscuri
1370 487 1505 553 fortasse

201 583 300 647 simili
323 584 418 649 modo
442 606 499 667 per
523 584 762 648 incubationem
786 585 969 649 curaverint
999 589 1161 670 aegrot0s3
1190 606 1254 667 qua
1281 608 1320 649 ex
1347 607 1382 648 re
1409 587 1504 650 etiam
1594 589 1597 595 ’

200 681 318 745 clarius
342 681 527 766 explicetur,
551 682 712 766 quomodo
736 682 806 746 fieri
829 684 981 766 potuerit,
1004 686 1041 746 ut
1064 686 1221 766 martyres
1250 682 1415 747 christiani
1437 687 1505 747 tam

200 783 268 842 arte
278 779 318 842 ad
332 780 407 844 deos
421 781 474 844 vel
488 779 600 844 heroes
616 778 753 845 Graecos
772 803 806 844 se
820 781 1060 864 applicaverint.
1088 780 1201 863 Neque
1215 780 1276 844 hac
1294 780 1328 843 in
1342 803 1376 844 re
1391 781 1505 845 desunt

200 878 394 941 testimonia.
426 877 560 963 Legitur
583 878 668 941 enim
690 878 774 961 apud
795 877 993 961 Hesychium
1020 877 1183 942 Milesium
1206 877 1247 942 15
1266 876 1354 942 FHG
1377 877 1504 942 1V149

200 972 298 1059 (unde
322 976 427 1039 fluunt
456 998 538 1058 quae
561 979 687 1040 exstant
715 976 748 1039 in
782 974 904 1039 Codino
937 975 986 1039 De
1018 975 1197 1061 originibus
1231 974 1408 1059 Opolitanis
1432 1000 1504 1062 pag.

200 1071 291 1154 6,15
320 1073 366 1138 ed.
390 1071 506 1159 Bonn.)
535 1073 609 1138 hoc:
639 1085 705 1138 τῶν
734 1071 770 1138 δὲ
804 1075 1079 1159 Διοσκούρων,
1111 1074 1315 1159 Κάστορός
1348 1073 1390 1138 ιε’
1419 1099 1503 1159 φημι

198 1167 260 1233 καὶ
290 1171 583 1255 Πολυδεύκους,
611 1170 667 1259 (sc.
687 1169 859 1258 templum)
883 1171 921 1235 ἐν
947 1180 993 1258 τῷ
1021 1179 1078 1254 τῆς
1106 1170 1294 1256 Σεμέστρης
1321 1175 1422 1260 βωμῷ
1449 1171 1504 1236 καὶ

198 1277 237 1352 τῇ
260 1280 327 1332 τῶν
349 1267 537 1355 ποιαμῶνῑ)
561 1267 646 1353 μίξει
670 1266 726 1355 (sc.
751 1269 909 1332 exstruxit
931 1265 1062 1354 Byzas),
1086 1267 1128 1333 ἐν
1150 1260 1177 1355 ᾦ
1200 1267 1263 1332 καὶ
1294 1270 1406 1346 λύσις
1428 1282 1504 1334 τῶν

197 1372 335 1431 παθῶν
357 1378 442 1444 τοῖς
465 1367 695 1454 ἀνθρώποις
718 1366 881 1450 ἐγίνετο.
927 1365 1011 1430 Sane
1032 1366 1084 1429 hic
1112 1365 1196 1429 nihil
1219 1366 1337 1429 dicitur
1360 1367 1398 1430 de
1421 1390 1504 1431 som-

196 1464 268 1547 niis,
292 1463 326 1526 in
349 1465 466 1548 quibus
490 1469 664 1549 appareant
687 1464 845 1547 Dioscuri,
868 1468 976 1527 tamen
999 1463 1114 1528 lacuna
1138 1463 1283 1547 expletur
1306 1464 1407 1528 altero
1430 1465 1502 1530 loco

199 1561 233 1622 in
256 1548 387 1626 scholiis
411 1563 451 1625 ad
474 1561 620 1626 Persium
639 1560 670 1626 ΙΙ
689 1557 732 1625 56
751 1585 781 1646 p.
801 1561 1125 1627 cOBueohe1.n0bis
1145 1565 1283 1626 servato:
1306 1564 1384 1639 „alii
1401 1568 1504 1628 amam

200 1658 326 1740 ‘fratres
349 1661 454 1725 aeras'
478 1660 635 1726 Pollucem
659 1666 687 1725 et
711 1659 867 1725 Castorem
891 1657 947 1746 (sc.
971 1682 1039 1724 esse
1062 1658 1202 1747 putant),
1224 1661 1280 1741 qai
1303 1662 1419 1742 fratres
1438 1663 1504 1743 sae-

196 1763 272 1821 mmt
297 1763 326 1820 et
352 1759 523 1839 aliquando
550 1764 652 1824 macte
674 1757 797 1824 ‘Persea
825 1759 1032 1824 Macedoniae
1063 1779 1162 1841 repam
1190 1759 1414 1822 nuntiaverant
1442 1761 1503 1823 aic-

196 1851 302 1939 tam2),
325 1856 362 1919 ia
383 1878 514 1937 qaorum
542 1857 651 1938 templo
677 1859 904 1921 sommiorum
932 1857 1155 1937 interpretes
1181 1855 1288 1920 haberi
1314 1857 1421 1933 soleat,
1449 1859 1504 1938 qai

193 1974 289 2033 paros
308 1975 333 2016 a
349 1955 470 2035 mtaita
497 1956 600 2020 visas
622 1955 782 2021 homimum
804 1955 1021 2036 mpamebamtf‘
1067 1952 1148 2018 Cum
1178 1955 1376 2018 somniorum
1407 1955 1503 2018 inter—

195 2055 301 2132 pretes
333 2051 368 2114 in
397 2051 627 2117 Dioscurorum
663 2054 784 2138 templo
816 2053 1024 2135 haberentur,
1057 2053 1201 2136 sequitur
1229 2053 1387 2136 templum
1422 2053 1502 2116 illud

197 2149 323 2212 somnia
346 2150 522 2233 accipiendi
546 2172 641 2215 causa
664 2151 703 2214 ab
727 2151 913 2216 hominibus
936 2151 1174 2233 frequentatum
1199 2148 1307 2237 esse3).
1339 2150 1401 2213 Per
1420 2171 1503 2214 sorn-

196 2267 274 2308 num
302 2251 409 2310 autem
439 2248 535 2311 etiam
563 2252 718 2312 curatos
747 2270 814 2312 esse
841 2248 988 2312 homines
1016 2271 1035 2310 a
1062 2247 1227 2311 Dioscuris
1255 2247 1358 2311 elucet
1387 2270 1425 2311 ex
1453 2249 1501 2332 iis,

196 2364 277 2424 quae
309 2342 329 2407 l.
359 2367 382 2408 s.
416 2348 579 2409 secuntur:
612 2367 698 2430 „cam
730 2346 870 2411 Romami
894 2345 1072 2428 pestilentia
1102 2346 1284 2422 laborarent,
1317 2344 1448 2410 Castor
1470 2352 1503 2410 et

195 2439 334 2506 Pallae
355 2443 395 2506 im
418 2444 575 2508 somniis
601 2445 749 2526 papalum
777 2440 1008 2521 monuerant,
1036 2443 1169 2524 quibas
1195 2444 1369 2508 remediis
1396 2465 1501 2508 cara-

193 2538 350 2603 remtar.“
399 2539 568 2624 Templum
601 2541 683 2604 illud
714 2541 945 2606 Dioscurorum
977 2541 1198 2604 Romanomm
1231 2541 1265 2603 in
1298 2541 1369 2604 foro
1403 2543 1500 2606 situm

194 2657 262 2700 esse
292 2638 506 2704 notissimum.
563 2637 672 2724 Atque
706 2640 845 2703 maxime
879 2639 973 2704 nobis
1007 2639 1135 2703 videtur
1172 2639 1381 2703 memorabile
1414 2640 1500 2703 haud

194 2734 308 2816 procul
331 2736 370 2799 ab
396 2758 432 2800 eo
456 2759 553 2820 supra
581 2742 688 2801 vetere
715 2737 847 2801 Romuli
875 2759 964 2803 sacro
992 2738 1083 2802 iuxta
1109 2737 1275 2802 basilicam
1299 2736 1501 2802 Constantini

196 2833 395 2916 temporibus
425 2835 657 2917 posterioribus
690 2836 856 2900 ecclesiam
888 2839 1085 2901 exstructam
1116 2858 1183 2900 esse
1214 2858 1253 2900 ss.
1282 2834 1437 2900 Cosmae
1465 2841 1500 2901 et

193 2928 385 3013 Damiani,
415 2932 586 2996 eorundem
615 2955 845 3018 anargyrorum
878 2934 1112 3018 Romanorum,
1146 2956 1226 3018 quos
1259 2934 1370 2997 eodem
1403 2934 1499 2999 modo

193 3031 289 3111 atque
318 3027 441 3093 Arabes
471 3052 528 3114 per
557 3031 797 3096 incubationem
830 3054 957 3096 sanasse
987 3036 1136 3117 aegrotos
1172 3054 1210 3095 ex
1240 3029 1398 3096 Actorum
1427 3033 1499 3096 loco

193 3147 289 3209 supra
321 3125 365 3212 (p.
386 3126 443 3215 69)
484 3127 706 3194 conclusimus.
766 3129 835 3194 lam
871 3131 960 3194 vides
998 3131 1038 3193 ad
1069 3130 1298 3194 Dioscurorum
1341 3128 1498 3213 templum

192 3222 373 3293 Romanum
396 3225 551 3311 migrasse
574 3231 732 3313 aegrotos,
756 3232 792 3291 ut
810 3250 867 3312 per
891 3250 1038 3293 somnum
1062 3228 1201 3291 remedia
1225 3227 1286 3292 sibi
1305 3228 1498 3312 indicentur3

124 3359 127 3364 ·
191 3321 348 3405 templum
372 3345 482 3388 eorum
504 3325 720 3408 Byzantinum
750 3326 861 3390 eodem
892 3325 1015 3392 scilicet
1042 3326 1176 3390 consilio
1205 3326 1244 3389 ab
1269 3326 1408 3410 aegrotis
1437 3326 1498 3389 fre

192 3419 413 3504 quentabatur,
439 3421 570 3488 Cosmus
594 3427 626 3487 et
642 3423 819 3488 Damianus
838 3424 988 3489 Dioscuri
1011 3426 1103 3508 quasi
1126 3424 1292 3488 christiani
1311 3424 1423 3487 itidem
1441 3446 1499 3506 per

192 3538 341 3580 somnum
355 3519 388 3581 in
403 3541 492 3585 sacro
508 3519 598 3608 suo4)
613 3522 788 3586 visitabant
805 3523 962 3587 infirmos:
976 3524 1108 3587 nomina
1121 3526 1295 3605 mutantur,
1310 3524 1498 3606 permanent

191 3615 331 3699 numina,
354 3624 519 3701 permanet
542 3642 600 3684 res.

283 3811 308 3880 1)
329 3810 400 3865 Sunt
418 3811 532 3879 quidem
553 3811 677 3881 Cydams
692 3815 726 3867 et
745 3814 897 3883 Barbyses3
917 3814 951 3868 cf.
971 3815 1064 3868 Hes3
1080 3833 1107 3884 p.
1119 3819 1178 3868 14⁷:
1202 3814 1272 3883 φασὶ
1291 3811 1341 3883 μὲν
1360 3810 1497 3884 Ἀργείους

190 3891 316 3958 πρώτους
336 3937 340 3946 .
362 3934 368 3945 .
389 3937 394 3947 .
413 3891 560 3959 πήξασθαι
578 3892 628 3954 τὰς
647 3893 766 3960 οἰκήσεις
784 3894 815 3948 ἐν
834 3893 931 3968 ἐκείνῳ
949 3900 987 3967 τῷ
1006 3893 1105 3967 χωρίῳ,
1124 3895 1155 3950 ἐν
1174 3887 1195 3966 ᾦ
1219 3893 1379 3962 Κύδαρός
1400 3914 1429 3948 τε
1448 3895 1496 3948 καὶ

191 3970 368 4040 Βαρβύσης
392 3974 513 4040 ποταμοὶ
535 3972 587 4035 τὰς
609 3972 754 4038 διεξόδους
776 3983 925 4030 ποιοῦνται
945 4021 950 4029 .
971 4018 977 4028 .
998 4019 1004 4030 .
1023 3974 1095 4028 aar&
1117 3975 1168 4028 τὸν
1189 3982 1239 4044 τῆς
1262 3972 1410 4044 λεγομένης
1433 3977 1495 4028 Σε-

190 4047 331 4118 μύστρης
349 4053 460 4121 νύμφης
478 4053 590 4123 βωμὸν
608 4061 640 4124 τῇ
659 4053 787 4125 θαλάσσῃ
807 4055 978 4124 μιγνύμενοι.

280 4133 307 4199 2)
326 4129 360 4184 cf.
380 4131 434 4186 Cic.
455 4132 489 4186 N.
504 4131 536 4188 D.
551 4133 616 4202 112,
631 4139 660 4189 6:
679 4135 730 4200 „P.
750 4136 823 4188 caim
848 4136 986 4201 Vatinius,
1006 4181 1011 4190 .
1029 4180 1034 4190 .
1051 4180 1056 4190 .
1071 4153 1132 4189 cum
1151 4136 1355 4204 epracsectara
1373 4135 1495 4189 Reatim

190 4209 307 4264 Romam
325 4212 443 4268 emirati
461 4219 561 4268 macta
578 4213 633 4267 daeo
651 4216 760 4269 iaaemes
777 4232 838 4268 cam
857 4217 952 4284 equis
975 4214 1045 4269 albis
1063 4217 1197 4270 amissam
1214 4233 1301 4286 regem
1320 4216 1428 4268 Persem
1446 4216 1494 4268 illo

189 4291 234 4344 die
252 4296 371 4358 captam,
388 4293 497 4346 scaatai
514 4294 682 4348 maatiaoit.“

279 4373 307 4438 3)
326 4369 372 4423 Sic
386 4370 515 4440 Memphi
535 4389 645 4441 quoque
663 4372 694 4426 in
712 4374 834 4444 Sarapeo
854 4373 1067 4446 ἐνυπνιοιιρλτης
1085 4376 1258 4444 versabatur,
1278 4374 1311 4428 cf.
1330 4374 1446 4428 Notices
1465 4377 1495 4426 et

190 4450 308 4503 extraits
327 4449 418 4504 XVIII
432 4457 447 4504 2
462 4470 489 4520 p.
504 4457 557 4504 334
571 4469 634 4521 pap.
651 4458 693 4520 54,
709 4459 750 4507 78.
788 4453 919 4524 Serapidi
938 4455 1103 4510 incubatum
1122 4473 1182 4509 esse
1200 4455 1385 4509 notissimum.

278 4532 305 4600 4)
323 4530 364 4584 De
384 4530 462 4584 euius
483 4531 539 4585 sltu
558 4532 592 4586 cf.
608 4531 682 4585 infra
700 4539 846 4602 p.10'1sq.
