3550 5317
594 653 778 720 Addenda
804 659 842 720 et
868 653 1098 741 corrigenda

283 794 309 845 p.
327 779 351 830 5.
390 775 534 841 Quomodo
553 775 674 830 visiones
692 775 877 846 vigilantibus
897 776 1011 831 oblatae
1030 792 1094 830 cum
1116 774 1231 830 somniis
1253 774 1365 830 misceri
1382 775 1500 845 possint,

195 855 291 911 videas
315 873 331 910 e
358 855 492 927 Gregorio
515 855 618 910 Turon.
644 856 678 909 de
701 854 763 909 virt.
788 873 808 909 s.
832 854 952 931 Martini
968 855 994 909 ΙΙ
1008 861 1042 909 33
1065 855 1140 910 Mon.
1164 855 1255 909 Germ.
1280 871 1330 908 scr.
1354 873 1376 908 r.
1399 855 1437 908 M.
1456 855 1499 908 12

194 954 221 1005 p.
230 942 343 1006 6213οε
358 937 537 1005 „(Allomeris
546 936 671 1006 quidum)
681 937 770 990 sabito
779 937 870 1002 factas
883 941 923 990 ast
935 936 967 989 ia
980 937 1090 990 ectasi
1107 941 1133 990 et
1142 951 1245 1004 pavore
1254 937 1418 1004 peramara
1429 936 1499 990 ioce-

195 1019 242 1072 cat
258 1025 290 1072 ut
307 1025 437 1074 mortuus.
457 1019 506 1087 pai
523 1034 593 1084 οννο,
611 1023 643 1072 at
660 1018 718 1086 lpse
735 1017 826 1082 refert,
841 1032 893 1084 per
910 1016 1030 1070 duarum
1047 1017 1178 1070 torosam
1195 1021 1246 1070 aut
1266 1016 1388 1084 amplius
1404 1017 1501 1082 fuisset

195 1099 343 1167 obpressus,
362 1104 527 1168 tamquam
545 1097 582 1151 de
600 1112 711 1151 οονινο
729 1097 898 1166 salpitano
919 1096 1008 1150 sabito
1030 1096 1068 1150 aa
1085 1111 1193 1150 aenam
1215 1113 1296 1150 amm
1313 1097 1483 1151 revertam

283 1197 310 1248 p.
326 1183 351 1247 6,
361 1183 385 1231 2.
422 1177 455 1231 In
478 1193 574 1231 museo
592 1175 734 1230 Bonnensi
758 1174 802 1244 (cf.
822 1174 952 1229 Hettneri
976 1174 1138 1245 catalogum
1162 1193 1203 1228 nr.
1221 1180 1282 1245 109)
1305 1173 1379 1244 lapis
1407 1177 1501 1229 exstat

194 1275 281 1327 prope
301 1258 402 1312 Cumas
420 1260 546 1326 repertus
566 1257 603 1310 ad
621 1254 738 1310 Traiani
756 1254 800 1308 vel
818 1253 956 1309 Hadriani
976 1256 1100 1309 aetatem
1122 1255 1296 1323 referendus,
1320 1254 1351 1308 in
1368 1272 1424 1323 quo
1442 1257 1500 1309 tres

195 1340 344 1392 occummt
361 1338 462 1392 fratres
476 1336 614 1407 Hyginus,
632 1335 762 1404 Faustus,
783 1334 883 1389 Onirns
903 1335 931 1389 O.
948 1334 1065 1404 Sulpicii
1079 1335 1256 1403 Heraclidae,
1274 1333 1380 1404 Hygini
1394 1334 1499 1404 liberti,

197 1417 256 1470 filii.
294 1416 418 1482 Quorum
435 1415 551 1470 nomina
570 1432 604 1470 ea
621 1414 736 1485 regione
755 1414 965 1476 incubationem
983 1415 1120 1469 usitatam
1138 1414 1225 1470 fuisse
1243 1414 1373 1468 videntur
1391 1415 1499 1485 docere,

194 1497 225 1550 id
243 1497 319 1565 quod
338 1515 401 1551 cum
419 1495 463 1564 iis,
482 1512 555 1564 quae
575 1496 610 1549 de
634 1495 699 1549 lacu
717 1494 826 1548 Averno
849 1493 957 1548 ibidem
976 1493 1031 1549 sito
1048 1495 1208 1563 traduntur,
1232 1494 1338 1563 optime
1361 1493 1498 1565 congruit.

283 1596 310 1646 p.
328 1583 351 1646 8,
363 1582 387 1630 3.
425 1576 494 1631 Cum
518 1574 662 1645 Sarapidis
686 1572 815 1646 κατόχοις
837 1574 871 1628 cf.
892 1573 1087 1629 laudationem
1110 1574 1296 1644 Therapontis
1322 1580 1427 1643 12,15,
1450 1574 1500 1629 ubi

193 1659 445 1712 commemorantur
463 1655 586 1727 κάτοχοι,
605 1655 654 1725 qui
672 1655 703 1709 in
721 1671 800 1709 sacro
818 1662 868 1725 τῆς
888 1654 1063 1724 Θεομήτορος
1080 1663 1130 1724 τῆς
1143 1651 1259 1717 Ἐλαίας
1276 1657 1431 1709 versantur.

281 1755 308 1806 p.
324 1744 348 1792 3.
386 1736 456 1791 Cum
479 1735 574 1791 Ovidii
596 1736 659 1790 loco
682 1736 758 1806 (Met.
778 1735 830 1790 XV
845 1738 955 1805 654sq.)
984 1734 1195 1790 Maximilianus
1225 1735 1364 1789 Fraenkel
1391 1735 1501 1789 confert

199 1817 353 1873 Cavvadias
371 1816 495 1871 Fouilles
514 1805 684 1886 d'llpidaure
702 1815 784 1870 inscr.
800 1833 840 1868 nr.
857 1822 872 1869 6
892 1818 936 1886 (=
956 1822 988 1870 61
1009 1816 1163 1886 Baunaok),
1182 1815 1232 1869 ubi
1250 1815 1323 1884 legit
1340 1818 1464 1886 (ltsqq.)
1484 1815 1499 1869 ὁ

194 1897 226 1952 dl
239 1898 322 1970 θε]ὸς
335 1896 448 1959 ἐπιστὰς
462 1896 610 1969 [idomas
624 1893 696 1958 οἶός
714 1894 784 1950 ἐστι
803 1895 829 1969 [ἐ
834 1917 851 1951 ν
869 1902 912 1969 τῷ
930 1900 1008 1969 ναῷ.
1041 1895 1135 1950 Verba
1149 1898 1274 1950 extrema
1287 1894 1345 1949 iam
1360 1895 1500 1965 supplevit

195 1977 394 2048 Blinkenberg,
413 1976 537 2031 Nordislr
556 1976 665 2030 Tidskr.
685 1974 703 2029 f.
723 1975 789 2030 filol.
818 1975 852 2029 N.
869 1995 888 2030 s.
904 1977 930 2030 X
947 1995 974 2046 p.
990 1981 1050 2031 264.

281 2077 308 2127 p.
326 2064 357 2112 13
366 2075 406 2126 sq.
443 2055 552 2127 Dignus
570 2055 641 2110 mihi
659 2055 770 2111 videtur
788 2056 837 2125 qui
856 2057 1007 2110 adnotetur
1024 2056 1104 2110 locus
1123 2073 1138 2110 e
1156 2058 1223 2110 Iean
1242 2053 1324 2109 Pauli
1343 2054 1499 2109 dissertati-

194 2139 298 2192 uncula
316 2154 388 2206 quae
407 2136 570 2192 inscribitur
590 2126 676 2191 ‘llber
694 2135 741 2190 dic
754 2136 913 2190 natiirliche
927 2135 1022 2207 Magia
1041 2136 1091 2190 der
1104 2134 1282 2189 Phantasie’:
1301 2135 1380 2202 „Der
1396 2136 1500 2190 Troum

193 2221 229 2274 iot
247 2221 298 2274 duo
319 2219 502 2287 Tappo-Ilici
522 2219 583 2272 ννν
601 2217 777 2272 Motterland
796 2217 843 2271 der
861 2217 1026 2272 Phaatuaie:
1049 2218 1093 2271 die
1117 2216 1262 2284 conserte}
1278 2217 1324 2270 die
1346 2216 1378 2269 in
1401 2215 1499 2270 diesem

193 2298 388 2354 dommemdm
405 2297 549 2354 Arkadia
567 2302 690 2364 marea,
713 2296 757 2351 dic
779 2297 927 2366 clyaiocbca
945 2297 1058 2362 Fcldcr,
1076 2296 1120 2350 oie
1139 2313 1166 2350 ea
1183 2295 1325 2362 οοάοοΙοον,
1342 2296 1387 2349 die
1403 2297 1498 2350 limm-

193 2380 295 2434 liscbea
310 2379 457 2446 Gaetulico,
475 2379 519 2433 dic
536 2394 563 2433 es
577 2378 728 2442 bewobnea,
746 2377 834 2432 leidae
847 2377 924 2432 luciae
942 2376 1137 2446 Veryzeiamay
1149 2377 1200 2430 mit
1212 2376 1310 2445 irpond
1323 2376 1428 2443 Elaos,
1448 2378 1500 2430 das

193 2460 238 2514 dio
255 2458 333 2513 Erde
349 2459 434 2529 piore

280 2555 308 2608 p.
324 2545 401 2608 32,1.
438 2538 536 2592 Monet
559 2553 603 2590 me
625 2536 763 2590 Fraenkel
786 2535 817 2590 in
839 2535 954 2590 iamatis
976 2535 1138 2605 Epidauriis
1156 2554 1197 2588 nr.
1213 2540 1248 2589 80
1266 2535 1329 2588 XIX
1347 2553 1398 2606 pro
1418 2540 1499 2590 Kella

192 2619 344 2690 legendnm
362 2634 423 2674 esso
446 2617 542 2688 adop
567 2622 611 2690 (=
630 2617 716 2687 Κέω);
740 2616 774 2671 cf.
799 2633 855 2671 aco.
881 2614 956 2671 Κέον
979 2615 1140 2686 (Salaminis
1162 2614 1272 2670 insulae
1295 2616 1371 2685 pars)
1395 2616 1497 2670 Herod.

193 2701 257 2755 VIII
272 2706 313 2754 76.
333 2717 374 2752 nr.
390 2704 425 2754 80
443 2699 520 2752 XXII
537 2698 676 2752 Fraenkel
694 2697 765 2767 legit
783 2694 974 2770 μεθ[έρνοντοι
993 2696 1087 2753 αὐτόν.

280 2799 307 2850 p.
323 2787 366 2849 39,
376 2787 400 2832 2.
438 2778 523 2850 Lapis
541 2779 659 2848 praebet
676 2780 785 2847 Λύσων,
802 2777 948 2832 Fraenkel.

281 2879 308 2929 p.
323 2865 366 2914 40.
403 2859 504 2913 Deleas
524 2859 623 2916 verbaz
640 2857 741 2929 ὑαίνης
759 2857 846 2927 δέρμα
866 2857 900 2911 of.
915 2875 943 2926 p,
958 2863 1000 2911 2⁷.

281 2958 308 3009 p.
323 2945 367 3006 43,
377 2945 401 2993 5.
439 2938 543 2994 uilitas
558 2939 664 2993 scribas
678 2937 790 2993 collatis
804 2954 877 3006 quae
891 2937 1007 2991 Meister
1019 2935 1038 2989 l.
1054 2953 1074 2990 s.
1089 2936 1119 2990 in
1134 2936 1271 2991 addendis
1284 2956 1311 3006 p.
1328 2943 1379 2991 393
1395 2938 1495 2993 adfert.

280 3038 307 3089 p.
324 3025 357 3073 67
377 3019 441 3074 adn.
479 3018 575 3072 Somni
590 3019 754 3073 daemonem
768 3018 855 3072 trisse
868 3017 1070 3086 Telesphorum
1088 3033 1123 3070 ea
1140 3034 1296 3087 quoquere
1311 3019 1498 3089 confirmatur,

193 3099 268 3169 quod
287 3116 320 3153 ex
344 3099 380 3152 iis
403 3115 476 3168 quae
498 3098 529 3152 in
546 3098 690 3168 lapidibus
708 3096 869 3168 Epidauriis
896 3096 1077 3151 inveniuntur
1101 3097 1216 3151 deorum
1240 3097 1374 3166 symbolis
1401 3099 1498 3152 Somni

194 3184 278 3248 atque
296 3178 461 3249 Telesphori
480 3179 608 3248 symbola
627 3178 701 3232 inter
715 3195 744 3233 se
759 3180 824 3232 sunt
839 3177 991 3231 simillima.
1006 3196 1030 3230 v.
1045 3177 1146 3232 Athen.
1162 3177 1256 3232 Mitth.
1274 3184 1342 3233 1839
1356 3185 1496 3248 p.›389sq.

280 3279 307 3329 p.
323 3266 364 3313 79.
403 3258 525 3313 Codinus
548 3259 566 3312 l.
591 3277 611 3312 s.
635 3259 753 3328 praebet
780 3258 811 3314 ἐν
838 3250 856 3331 ᾗ
880 3259 928 3313 καὶ
953 3257 1028 3322 λύσις
1052 3262 1120 3313 acl:
1147 3250 1169 3331 ᾧ
1191 3261 1306 3328 propter
1329 3260 1497 3314 antecedens

193 3335 264 3408 μίξει
287 3339 317 3392 in
343 3330 361 3410 ᾗ
384 3340 540 3408 mutatum3
562 3355 653 3407 neque
676 3337 802 3408 Heynius
824 3355 916 3406 neque
941 3337 1092 3392 Muellerus
1117 3337 1317 3393 intellexerunt
1342 3339 1442 3393 locum.
1463 3372 1497 3380 -

193 3419 280 3473 Vetus
290 3418 486 3473 Dioscurornm
500 3436 618 3488 sacrum,
633 3418 712 3472 cuius
726 3418 788 3472 loco
799 3418 915 3472 Severus
929 3416 1116 3489 ἱπποδρόμιον
1130 3419 1276 3488 exstruxit,
1292 3421 1369 3489 apud
1387 3421 1495 3488 Lydum

192 3501 425 3553 commemoratur
443 3498 478 3551 de
496 3515 582 3553 mens.
602 3518 628 3568 p.
645 3504 715 3568 7,10
733 3499 883 3553 Wuensch.

776 3786 916 3852 Hrruta
951 3814 953 3817 ·

404 3909 495 3979 Legna
513 3928 540 3978 p.
557 3915 588 3962 11
609 3928 651 3964 vv.
669 3914 710 3962 17.
731 3914 764 3962 18
782 3926 845 3978 pro:
865 3908 942 3962 idon:
962 3908 1026 3961 ἰδοὺ

518 4023 533 4050 „
554 3986 586 4034 13
605 3999 629 4035 v.
647 3986 661 4033 7
681 3997 698 4033 a
715 3999 742 4050 p.
757 3979 806 4034 inf.
825 3996 888 4049 pro:
909 3977 1103 4033 adnotavimus
1114 4001 1120 4032 :
1131 3979 1335 4046 adnotavimus,

519 4095 535 4121 „
555 4057 587 4105 21
612 4056 660 4120 „8
678 4068 741 4120 pro:
761 4051 826 4104 fica:
846 4051 898 4103 fico

516 4166 532 4191 „
552 4128 586 4175 23
610 4128 657 4191 „6
676 4138 694 4175 a
711 4141 737 4192 p.
757 4120 806 4176 inf.
826 4137 888 4190 pro:
909 4119 1092 4174 salutatorns:
1113 4119 1294 4174 salutatorius

518 4235 533 4261 „
553 4197 620 4260 25,1
641 4199 695 4246 v.3
714 4210 777 4262 pro:
797 4191 878 4262 piel:
899 4190 966 4245 dial.

553 4263 591 4316 so.
610 4283 634 4317 v.
651 4271 666 4318 ν
685 4280 749 4334 pro:
768 4282 841 4386 pf.

519 4339 587 4402 „45
616 4333 810 4404 „14ap.in

517 4448 533 4473 „
551 4412 585 4459 47
611 4448 627 4474 „
645 4412 661 4459 9
680 4423 698 4459 a
716 4425 742 4475 p.
762 4404 811 4459 inf.
831 4421 896 4475 pro:
916 4400 974 4458 loa:
995 4402 1041 4458 ἴσοι

516 4519 532 4545 „
552 4482 621 4545 47,4
639 4495 663 4532 v.
679 4483 695 4529 2
714 4493 777 4545 pro:
798 4472 855 4530 loa:
876 4473 922 4528 ἴσα

826 4378 830 4387 .
850 4350 913 4403 pro:
933 4351 1002 4388 vzv.
