3550 5317
595 353 598 359 ·
653 319 694 372 De
713 318 894 373 incubatione
912 318 1073 372 christiana.
1456 319 1497 381 57

288 480 554 545 Christianorum
568 504 695 566 quoque
719 481 833 567 religio
852 481 992 545 habebat
1010 485 1106 565 atque
1124 481 1222 546 habet
1241 503 1315 545 suos
1335 482 1500 567 semideos,

198 601 273 644 suos
295 579 426 645 heroas:
451 583 576 644 sanctos
600 579 721 644 scilicet
751 584 980 663 martyresque.
1025 579 1070 643 Hi
1098 602 1225 663 quoque
1254 584 1328 644 sunt
1354 580 1500 644 homines

202 681 335 762 propter
368 677 501 741 eximias
532 678 668 742 virtutes
706 678 909 761 christianas,
946 681 1079 761 propter
1114 677 1215 741 vitam
1253 676 1322 741 Deo
1355 677 1500 761 dicatam,

200 779 333 861 propter
356 776 453 839 fidem
476 779 581 839 morte
604 775 763 861 signatam
786 775 989 839 divinitatem
1012 775 1172 858 quandam
1194 775 1293 859 nacti3
1315 775 1350 839 hi
1374 797 1500 859 quoque

199 874 385 957 adorantur,
418 873 469 937 his
502 895 629 958 quoque
656 877 733 939 vota
764 877 990 956 nuncupantur
1027 876 1059 937 et
1092 872 1273 956 solvrmtur,
1305 871 1340 936 hi
1373 895 1500 957 quoque

200 971 321 1036 habent
345 994 437 1035 suum
460 971 616 1035 cultum.

290 1068 434 1144 Quorum
458 1072 641 1133 sanctorum
665 1072 784 1153 quanta
807 1068 906 1133 fuerit
928 1090 1030 1153 usque
1053 1069 1093 1132 ad
1119 1072 1264 1132 nostram
1291 1071 1429 1133 aetatem
1452 1071 1501 1133 vis

199 1167 346 1231 medendi
374 1166 534 1231 neminem
557 1166 650 1251 fugit.
696 1166 734 1231 In
762 1168 858 1231 sacris
887 1189 998 1231 eorum
1027 1166 1151 1252 aegroti
1179 1169 1344 1249 curantur,
1371 1167 1502 1249 pariunt

200 1265 332 1347 steriles,
351 1264 471 1329 mortui
490 1263 694 1328 reviviscunt.
731 1264 830 1328 Medii
849 1264 920 1328 aevi
938 1263 1057 1348 scripta
1075 1263 1361 1327 innumerabilibus
1380 1264 1502 1347 repleta

200 1367 275 1427 sunt
298 1362 460 1426 miraculis
484 1362 518 1425 in
541 1361 602 1426 Dei
625 1366 866 1446 martyrumque
889 1362 1027 1447 gloriam
1045 1361 1252 1446 pervulgatis.
1289 1360 1371 1425 Sunt
1394 1366 1502 1426 tamen

200 1460 348 1524 nonnulli
382 1483 422 1524 ex
452 1460 581 1523 illorum
616 1463 800 1524 sanctorum
834 1482 982 1544 numero,
1017 1460 1073 1544 qui
1110 1458 1267 1543 imprimis
1301 1460 1335 1523 vi
1365 1461 1500 1543 quadam

203 1557 368 1621 salutifera
392 1556 557 1640 excellant,
582 1579 718 1640 quorum
742 1558 776 1620 in
798 1558 928 1641 templis
951 1558 1105 1622 continuo
1123 1556 1310 1622 versabatur
1328 1579 1503 1643 permagna

202 1654 442 1739 aegrotantium
474 1657 608 1719 caterva.
660 1653 785 1719 Horum
813 1654 968 1719 miracula
996 1656 1052 1738 qui
1083 1654 1292 1738 perlustrabit
1318 1655 1503 1738 videbitque

153 1742 155 1746 ¹
202 1775 260 1837 per
283 1752 444 1817 somnium
468 1774 621 1836 apparere
644 1757 800 1837 martyres
824 1757 860 1817 ut
878 1752 1019 1839 aegrotis
1042 1753 1182 1817 remedia
1205 1752 1346 1818 indicent
1368 1752 1420 1817 vel
1443 1757 1504 1817 sta-

201 1851 261 1914 tim
285 1873 339 1915 eos
364 1854 486 1935 sanent,
509 1851 614 1933 primo
638 1850 754 1916 sentiet
778 1851 895 1915 obtutu
917 1854 1057 1915 veterem
1079 1872 1279 1935 paganorum
1302 1850 1503 1916 statuendam

202 1971 271 2013 esse
295 1948 541 2032 incubationem,
565 1972 646 2033 quae
668 1947 717 2013 nil
738 1948 802 2013 nisi
825 1953 948 2014 vestem
970 1948 1151 2013 mutaverit.
1197 1947 1300 2025 Quam
1327 1948 1504 2014 incubatio-

200 2069 273 2111 nem
297 2051 333 2110 ut
357 2046 403 2111 ita
426 2047 528 2111 dicam
552 2047 759 2112 christianam
783 2047 852 2130 etsi,
877 2046 933 2131 qui
956 2048 994 2111 de
1017 2046 1222 2111 incubatione
1245 2047 1349 2111 adhuc
1371 2047 1503 2131 scripse-

205 2148 289 2228 runt,
313 2144 367 2208 hic
391 2144 459 2208 illic
482 2145 593 2227 paucis
617 2146 803 2230 attigerunt,
826 2149 934 2209 tamen
962 2144 1081 2229 singuli
1108 2148 1235 2207 tantum
1262 2144 1325 2208 loci
1355 2146 1396 2207 ad
1421 2145 1505 2208 hanc

165 2316 167 2321 ,
202 2264 270 2305 rem
295 2242 351 2324 qui
375 2246 520 2324 spectant
544 2246 618 2306 sunt
641 2242 804 2325 protracti.
846 2240 1011 2307 Nimirum
1034 2242 1203 2327 ignoscant
1226 2241 1306 2304 mihi
1333 2242 1395 2305 viri
1419 2242 1505 2306 docti

204 2340 362 2424 imprimis
386 2339 539 2424 theologi,
564 2341 591 2403 si
615 2362 695 2423 quae
717 2339 903 2403 testimonia
920 2339 1198 2423 praetermiserim,
1221 2359 1294 2403 cum
1317 2341 1505 2423 praesertim

202 2440 237 2502 in
260 2438 323 2503 hoc
346 2437 450 2521 capite
474 2438 564 2522 quasi
583 2437 815 2524 peregrinando
834 2436 971 2501 aliorum
989 2437 1069 2500 fines
1088 2436 1262 2522 ingrediar3
1285 2459 1377 2521 spero
1396 2442 1505 2502 tamen

201 2535 390 2622 gravissima
413 2557 431 2597 a
454 2557 505 2599 me
528 2557 596 2600 esse
620 2535 770 2619 collecta,
793 2555 874 2617 quae
902 2534 1031 2617 quidem
1060 2556 1100 2598 ss.
1130 2532 1262 2599 cosmae
1291 2539 1323 2600 et
1345 2535 1504 2620 Damiani,

202 2658 241 2699 ss.
265 2632 341 2717 tyri
365 2637 397 2697 et
411 2632 553 2717 loannis,
576 2656 600 2697 s.
619 2631 765 2722 Theclae,
791 2654 815 2696 s.
834 2631 1049 2715 Therapontis
1068 2633 1178 2696 insunt
1196 2632 1403 2720 miraculis.1)
1435 2633 1505 2698 Nec

201 2756 267 2798 non
290 2732 325 2795 in
346 2730 398 2794 his
421 2730 617 2814 martyribus
640 2730 815 2795 tractandis
839 2752 948 2794 eruere
973 2731 1090 2814 studui,
1113 2753 1190 2795 nurn
1214 2731 1297 2795 forte
1322 2753 1385 2814 quo
1408 2731 1504 2794 modo

203 2851 275 2894 cum
294 2826 434 2892 cultibus
454 2825 646 2891 Graecorum
665 2827 797 2892 deorum
817 2826 1032 2912 cohaererent,
1051 2850 1108 2912 per
1127 2827 1365 2893 incubationem
1384 2829 1506 2893 scilicet

203 2926 373 2991 sanitatem
395 2925 631 3010 praebentium3
650 2947 714 3007 qua
732 2926 766 2989 in
784 2949 818 2989 re
841 2948 893 2989 me
912 2926 1034 3009 aliquid
1057 2947 1151 3010 spero
1170 2925 1346 3009 indagasse.
1383 2927 1505 2989 Verum

204 3027 375 3106 antequam
401 3022 474 3087 illos
497 3026 623 3087 sanctos
647 3023 806 3110 adeamus,
829 3046 966 3107 quorum
990 3024 1024 3087 in
1047 3024 1126 3087 actis
1149 3024 1279 3087 uberior
1301 3028 1410 3088 manat
1432 3025 1505 3087 fons

203 3121 383 3205 quibusque
398 3119 436 3183 de
450 3118 607 3184 Michaele
625 3121 816 3206 archangelo
830 3143 897 3185 non
910 3120 1000 3185 nulla
1013 3122 1256 3203 praemittemus
1270 3120 1398 3206 Mauryi
1421 3142 1506 3185 com-

203 3218 432 3283 mentationem
456 3218 747 3302 ingeniosissimam
770 3220 880 3303 secuti,
904 3241 941 3283 aa
964 3218 1178 3283 incubationis
1203 3219 1394 3283 christianae
1417 3220 1506 3284 testi-

203 3316 311 3381 monia
328 3315 535 3399 proferemus,
559 3315 676 3399 quibus
698 3317 752 3381 hic
770 3316 838 3381 illic
860 3316 1092 3399 dissipationes
1112 3317 1257 3403 singulae
1276 3338 1379 3400 neque
1397 3321 1507 3381 tamen

204 3436 285 3498 quae
309 3416 600 3477 commemorentur
623 3414 773 3500 indignae
796 3414 975 3479 traduntur.

293 3517 466 3603 Gregorius
490 3516 627 3603 Magnus
655 3520 690 3583 in
716 3520 854 3605 dialogis
878 3518 939 3607 (Ill
957 3518 1015 3606 38)
1043 3520 1191 3586 Redemti
1217 3522 1407 3587 Ferentinae
1430 3522 1506 3585 civi-

205 3616 282 3680 tatis
307 3638 388 3699 quae
412 3619 460 3679 est
483 3616 518 3679 in
540 3615 650 3680 Latio
675 3616 817 3701 episcopi
845 3618 1002 3682 visionem
1025 3619 1136 3683 refert:
1165 3619 1220 3684 ille
1243 3620 1328 3683 enim
1350 3622 1506 3702 „quadam

205 3715 254 3779 die
277 3715 351 3779 dara
368 3713 539 3795 parochias
561 3734 636 3779 scas
663 3735 700 3779 ea
726 3735 809 3779 more
836 3717 986 3795 circuiret,
1001 3717 1150 3798 percepit
1176 3717 1220 3781 ad
1245 3717 1400 3781 erchana
1427 3716 1507 3781 beati

203 3812 351 3895 llbatpebii
378 3813 535 3895 martyris.
568 3813 893 3894 advesperascente
924 3820 1027 3879 actem
1059 3815 1108 3879 dcc
1139 3819 1298 3878 stratam
1324 3815 1415 3879 fieri
1446 3814 1507 3878 sibi

203 3911 310 3973 iacta
332 3909 540 3991 sepalcrara
558 3912 739 3993 martyris
757 3912 853 3976 coluit
866 3917 957 3993 atque
970 3912 1015 3976 rbi
1026 3917 1099 3993 post
1116 3911 1250 3976 labacro
1267 3912 1422 3993 qaieait:
1436 3933 1507 3975 cara

203 4013 305 4072 nocte
333 4007 467 4091 media,
495 4012 530 4071 at
561 4008 725 4092 acsaebat,
753 4030 816 4073 aee
839 4008 1045 4073 dormiebat
1072 4030 1135 4074 ace
1159 4011 1321 4091 perfecte
1347 4010 1507 4091 cipilare

198 4108 349 4187 poterat
359 4101 393 4189 ²),
407 4106 461 4169 sed
475 4104 641 4190 depressas,
655 4112 690 4169 at
702 4107 782 4190 sciet,
797 4126 903 4171 saraae
918 4105 1110 4187 precabatur
1124 4108 1256 4187 qaedam
1263 4107 1401 4189 paudere
1413 4107 1505 4188 aipi-

204 4202 288 4267 taas
311 4202 474 4278 animam
494 4207 583 4283 atque
601 4208 672 4267 arcte
690 4224 759 4269 eam
778 4204 858 4268 idere
876 4203 981 4268 beatas
997 4210 1118 4287 martyr
1135 4204 1307 4287 Eutychiae
1320 4196 1505 4298 ‘coartata

294 4450 320 4519 1)
338 4447 402 4503 Non
424 4447 503 4502 nulla
526 4463 541 4501 e
565 4447 675 4501 schedis
699 4448 756 4502 suis
779 4447 980 4519 benignissime
1006 4448 1076 4503 mihi
1098 4449 1219 4504 tradidit
1250 4449 1402 4515 Usenems,
1427 4448 1504 4501 cuius

205 4527 322 4583 consilio
337 4526 449 4583 omnino
469 4527 551 4581 valde
569 4544 614 4581 me
633 4527 760 4583 adiutum
778 4545 839 4582 esse
857 4531 940 4598 grato
957 4531 1090 4598 profiteor
1108 4530 1209 4583 animo.

295 4612 322 4679 2)
340 4607 382 4661 De
400 4607 454 4661 hac
473 4606 637 4662 condicione
656 4606 729 4662 inter
747 4608 943 4664 somniandum
961 4626 995 4664 ac
1012 4609 1188 4681 vigilandum
1205 4607 1346 4678 pendente
1365 4606 1400 4660 cf.
1414 4624 1440 4676 p.
1456 4613 1481 4662 4.

294 4690 321 4759 3)
340 4686 419 4753 Quod
438 4686 543 4743 Graece
562 4686 671 4759 ἐπέστη,
691 4687 725 4743 cf.
740 4706 766 4759 p.
783 4694 824 4745 11.
