3550 5317
255 344 275 406 6
831 342 922 410 Caput
939 342 960 394 Ι.

255 505 382 588 nebant,
405 504 482 588 quia
505 503 600 567 certis
623 503 740 567 ritibus
764 507 860 586 atque
883 500 1119 588 caerimoniisl)
1143 503 1264 566 effectis
1283 502 1454 586 animoque
1479 502 1560 566 bene

254 606 443 687 praeparato
462 605 559 684 atque
586 622 717 683 prorsus
740 600 775 662 in
797 620 848 663 res
869 598 994 662 divinas
1018 619 1171 663 converso
1196 598 1468 663 verisimillimum
1492 603 1559 662 erat

255 698 347 762 illum
370 721 428 783 per
450 698 611 762 somnium
635 697 857 781 appariturum
881 716 951 760 esse
974 695 1082 780 deum,
1106 696 1140 758 in
1164 695 1255 759 cuius
1278 694 1399 779 templo
1430 696 1560 761 incuba-

254 798 340 861 bant.
372 796 442 879 Dei,
466 817 603 879 quorum
621 794 655 857 in
679 795 777 858 sacris
796 793 866 857 fieri
891 793 1016 857 solebat
1034 792 1207 877 incubatio,
1234 796 1325 856 erant
1353 792 1498 857 chthonii
1518 832 1559 841 -

256 894 383 977 heroes,
413 914 486 956 curn
510 896 595 956 terra
623 892 755 975 eiusque
778 891 941 973 potentiae
965 890 1089 954 somnia
1114 890 1300 954 hominibus
1328 890 1474 954 emittere
1497 912 1561 955 cre

255 986 446 1074 serentum),
470 1011 533 1072 qua
556 988 594 1051 de
618 1009 712 1052 causa
734 986 884 1052 videlicet
906 987 969 1071 ipsi
987 991 1089 1052 terrae
1112 987 1298 1051 incubatum
1322 991 1379 1051 est.
1416 987 1478 1063 Qui
1501 988 1561 1071 dei,

256 1107 329 1150 cum
352 1086 482 1169 propria
505 1086 546 1149 iis
570 1089 653 1150 esset
675 1085 724 1149 vis
748 1085 905 1168 medendi,
928 1084 1087 1169 imprimis
1111 1084 1150 1147 de
1170 1084 1292 1148 morbis
1317 1085 1465 1149 curandis
1489 1107 1561 1149 con-

257 1182 457 1266 sulebantur,
487 1186 524 1246 ut
550 1204 607 1266 per
643 1204 792 1246 somnum
826 1182 966 1246 remedia
1000 1182 1190 1266 indicarent3
1220 1203 1301 1265 quae
1329 1204 1381 1246 res
1418 1183 1496 1265 quid
1528 1184 1561 1246 in

256 1278 441 1364 Aesculapii
464 1280 595 1363 templis
618 1280 755 1343 valuerit
778 1280 899 1343 nemini
923 1302 989 1344 non
1012 1283 1146 1343 constat.

345 1376 553 1463 significatur
583 1377 748 1441 incubatio
776 1376 883 1441 verbis
912 1376 1144 1460 ἐγκαθεύδειν,
1169 1376 1400 1461 ἐγκοιμᾶσθαι,
1428 1376 1562 1460 ἐγκατα-

257 1480 452 1559 κοιμᾶσθαι,
480 1474 817 1559 ἐπικατακοιμῖισθαι,
851 1473 1112 1557 ἐγκοιτάζεσθαι,
1145 1472 1402 1557 έγκοιμίζεσθαι,
1430 1473 1563 1557 ἐγκατα-

258 1578 399 1655 κεῖσθαι,
423 1571 728 1654 έγκατακλίνεσθαι,
751 1574 1006 1636 κατακλίνεσθαι
1014 1568 1054 1658 3),
1077 1570 1176 1635 latine
1200 1592 1324 1655 semper
1347 1571 1531 1637 ‘incubare’.

258 1818 375 1886 eipenem
389 1816 491 1870 Witlea
504 1817 693 1883 herbeifatbrea
707 1831 742 1870 εκ
756 1816 871 1882 bonesen,
884 1815 957 1882 fund
970 1815 1042 1869 aeine
1057 1814 1257 1886 Refriedipaap
1271 1817 1302 1869 ῖκ
1315 1817 1368 1871 dea
1381 1824 1564 1887 εομτκοκκῖεκ

259 1896 578 1950 Ικυκῖοῖίονιεονοίιεῖκ.“

349 1986 375 2053 1)
393 1983 434 2038 De
453 1984 556 2052 quibus
574 2004 598 2039 v.
619 2001 679 2053 cap.
694 1984 727 2037 11.

352 2066 379 2132 2)
399 2062 516 2117 Hecuba
533 2065 638 2117 terram
657 2063 789 2117 advocat:
809 2055 947 2116 ὦπότνια
965 2061 1063 2130 Χθὼν,
1082 2063 1327 2133 μελανοπτερύγων
1345 2072 1429 2133 μῆτερ
1448 2063 1565 2134 ὀνείρων

257 2142 322 2197 Eur.
336 2142 401 2196 Hec.
418 2148 452 2196 '10
461 2160 500 2210 sq.
529 2143 571 2197 De
584 2143 649 2196 Eur.
664 2143 724 2212 Iph.
744 2142 827 2196 Taur.
844 2148 912 2195 1262
920 2159 979 2210 sqq.
994 2159 1018 2195 v.
1034 2158 1093 2211 cap.
1110 2142 1155 2196 ΠΙ.
1168 2141 1202 2197 cf.
1212 2142 1304 2197 Laert.
1315 2142 1396 2213 Diog.
1406 2144 1469 2197 VH]
1480 2150 1562 2212 1,32:

259 2218 332 2277 εἷναί
350 2240 379 2275 τε
404 2220 498 2276 πάντα
521 2222 571 2277 τὸν
594 2219 664 2290 άέρα
687 2231 786 2293 ψυχῶν
810 2221 945 2290 ἔμπλεων·
968 2222 1017 2275 καί
1039 2221 1143 2283 ταιίτας
1166 2218 1303 2290 δαίμονάς
1327 2241 1356 2276 τε
1382 2223 1430 2276 καί
1454 2223 1565 2293 ἥρωας

259 2299 460 2369 ὀνομάζεσθαι·
480 2303 529 2355 καί
547 2301 601 2356 ὑπὸ
619 2301 726 2356 τούτων
739 2298 900 2369 πέμπεσθαι
919 2300 1084 2369 ἀνθρώποις
1106 2300 1172 2363 τούς
1194 2298 1219 2353 τ’
1242 2298 1368 2369 ὀνείρους
1390 2303 1438 2356 καί
1459 2302 1495 2356 τά
1517 2321 1565 2373 ση-

262 2389 326 2449 μεῖα
345 2378 429 2436 νόσου
447 2400 476 2435 τε
494 2383 542 2436 καῖ
561 2379 676 2451 ὑγιείας.
696 2413 730 2421 -
749 2381 832 2434 Haud
851 2397 930 2435 secus
947 2378 1131 2434 iudicandum
1149 2396 1210 2434 esse
1223 2379 1336 2435 videtur
1350 2381 1385 2435 de
1399 2399 1565 2451 necyoman-

260 2460 322 2530 teis,
341 2460 444 2529 quibus
463 2460 578 2529 quidem
596 2477 646 2530 per
665 2478 793 2515 somnum
817 2460 931 2515 oracula
953 2460 1103 2529 petebant,
1127 2460 1204 2514 velut
1228 2461 1304 2529 apud
1327 2460 1468 2515 Plutarch.
1488 2479 1562 2518 cons.

260 2540 297 2592 ad
314 2540 406 2609 Apoll.
418 2545 452 2593 14
470 2559 497 2609 p.
515 2546 564 2595 109
576 2540 609 2595 C:
629 2538 786 2609 ἀφικέσθαι
805 2537 851 2594 έπί
865 2560 892 2593 τι
906 2548 1123 2609 ψυχομαντεῖον,
1142 2537 1360 2607 προθυσάμενον
1379 2537 1407 2593 δ’
1430 2541 1466 2602 ὡς
1480 2538 1565 2610 νόμος

261 2614 492 2689 ἐγκοιμᾶσθαι
512 2621 560 2675 καί
579 2620 668 2674 ίδεῖν
688 2618 770 2688 ὄψιν
787 2619 902 2673 τοιάνδε
920 2622 975 2673 κτλ.
1012 2617 1151 2672 Attendas
1170 2617 1199 2670 in
1218 2617 1268 2671 illo
1287 2619 1363 2687 quod
1381 2621 1566 2690 χρηματισμὸς

259 2701 375 2753 vocatur
394 2699 563 2753 somniorum
582 2714 684 2768 genere
704 2697 868 2767 explicando
887 2698 962 2751 inter
979 2713 1112 2766 personas
1137 2699 1304 2766 apparentes
1322 2701 1454 2767 patrem
1476 2700 1565 2754 nomi-

260 2780 359 2831 natum
377 2795 446 2833 esse.
485 2778 609 2843 Quocum
628 2777 753 2832 conferre
771 2777 846 2846 licet,
865 2777 942 2843 quod
959 2777 1033 2830 Max.
1052 2776 1116 2844 Tyr.
1136 2776 1170 2828 de
1193 2780 1394 2845 necyomanteo
1412 2778 1443 2832 in
1461 2779 1566 2849 Magna

261 2858 380 2911 Graecia
398 2858 474 2927 apud
492 2858 586 2912 lacum
604 2858 744 2912 Avernum
763 2856 817 2911 sito
842 2856 929 2910 refert
947 2854 1023 2926 (diss.
1041 2862 1083 2921 14,
1098 2857 1138 2925 2):
1163 2854 1289 2910 ἐνταῦθα
1312 2858 1327 2911 ὁ
1351 2855 1482 2927 δεόμενος
1499 2859 1566 2928 άφι·

261 2935 390 3006 κόμενος,
409 2936 573 3006 εὐξάμενος,
598 2936 719 3005 ἐντεμὼν
737 2936 857 3005 σφάγια,
880 2934 1014 3007 χεάμενος
1036 2933 1118 3005 χοάς,
1141 2934 1301 2990 ἀνεκαλεῖτο
1324 2937 1419 3007 ψυχὴν
1441 2936 1508 2993 droa
1530 2939 1566 3007 δὴ

261 3025 316 3071 τῶν
333 3014 488 3085 πατέρων
512 3014 529 3085 ἢ
556 3014 652 3085 φίλων.
690 3016 763 3070 Plut.
779 3015 797 3070 l.
814 3032 836 3070 o.
852 3015 892 3069 sic
910 3014 1015 3085 pergit:
1035 3013 1116 3080 δόξαι
1138 3013 1350 3085 παραγενέσθαι
1371 3016 1422 3073 τὸν
1439 3015 1567 3086 πατέρα

261 3095 311 3150 τὸν
335 3094 443 3150 ἑαυτοῦ.
485 3095 669 3150 Memorabile
697 3096 772 3163 quod
800 3095 906 3166 legitur
930 3094 960 3147 in
990 3093 1094 3163 cyrillo
1125 3097 1224 3148 contra
1246 3094 1387 3149 lulianum
1413 3102 1446 3149 10
1471 3096 1567 3167 Migne

263 3175 366 3229 Patrol.
392 3174 437 3230 Gr.
459 3177 479 3229 t.
501 3181 533 3229 76
556 3194 584 3245 p.
601 3175 713 3231 10240:
733 3175 783 3239 τὰς
800 3175 864 3244 περί
882 3184 938 3229 τῶν
963 3174 1125 3228 τεθνεώτων
1151 3172 1262 3241 ὁράσεις
1280 3174 1377 3242 αἰτεῖν,
1402 3174 1506 3244 ἤγουν
1528 3177 1568 3231 τά

237 3268 239 3273 ·
264 3255 419 3310 ίνιίιτνια.
457 3256 529 3310 Sane
549 3257 673 3309 mortuos
693 3256 767 3309 sicut
785 3255 851 3309 deos
871 3254 1018 3308 chthonios
1037 3268 1088 3322 per
1102 3269 1230 3306 somnum
1248 3253 1397 3307 vaticinari
1410 3272 1466 3309 non
1484 3256 1568 3310 mira·

263 3333 348 3400 bitur,
368 3333 417 3402 qui
436 3334 515 3401 sciat,
535 3352 620 3403 quam
640 3337 700 3389 arte
719 3334 793 3389 inter
807 3351 836 3388 se
851 3334 951 3388 horum
966 3332 1079 3386 illorum
1093 3332 1185 3385 cultus
1200 3332 1357 3388 cohaereat.
1372 3335 1406 3388 cf.
1421 3338 1568 3404 praeterea

158 3455 162 3465 ,
263 3413 446 3483 Schoemann,
466 3413 576 3468 Griech.
596 3414 695 3471 Altert.
715 3414 755 3467 Π8
767 3431 793 3483 p.
809 3419 869 3468 341.
906 3413 1015 3480 Rohde,
1033 3410 1158 3479 Psyche¹
1171 3412 1184 3465 I
1198 3418 1276 3482 37,1.

353 3505 381 3572 3)
399 3501 531 3557 Nondum
558 3502 647 3556 audeo
675 3501 785 3557 adicere
816 3501 888 3554 iilud
919 3499 1119 3571 εγκατοχήσας,
1150 3501 1225 3568 quod
1250 3500 1280 3554 in
1305 3518 1363 3556 una
1386 3501 1568 3573 inscriptione

267 3581 419 3650 Smyrnaea
429 3581 498 3652 (QI.
508 3581 662 3650 G.H3163)
676 3580 829 3650 invenitur,
845 3581 879 3635 de
894 3597 950 3650 quo
965 3580 1058 3633 adhuc
1076 3578 1191 3634 incertis
1213 3580 1295 3635 nobis
1313 3581 1486 3636 haerendum
1508 3600 1569 3638 esse

264 3660 383 3729 videtur,
403 3678 574 3729 quamquam
593 3660 651 3715 iarn
665 3660 824 3715 Boeckhius
839 3658 985 3714 adnotavit
1001 3658 1172 3729 ‘dyauaoxsta
1186 3663 1229 3715 est
1242 3660 1396 3716 incubare’.
1425 3662 1569 3731 Leguntur

263 3740 281 3795 l.
298 3758 320 3793 c.
339 3740 421 3795 haec:
442 3738 583 3803 Παπίνιος
601 3740 616 3795 ὁ
636 3738 797 3811 φιλόσοφος,
816 3738 1003 3810 έγκατοχήσας
1020 3744 1057 3811 τῷ
1077 3740 1163 3811 κυρίῳ
1177 3739 1323 3806 Σαράπιδι
1340 3740 1418 3807 παρά
1436 3751 1497 3804 ταῖς
1512 3746 1569 3797 Νε-

265 3816 382 3887 μέσεσιν,
401 3818 550 3889 εὐξάμενος
569 3820 688 3890 αὐξῆσαι
706 3819 738 3873 τὸ
758 3816 912 3887 Νεμέσειον
930 3817 980 3871 τὸν
998 3816 1220 3889 παρατεθέντ[α]
1239 3814 1319 3872 οίκον
1336 3828 1398 3882 ταῖς
1409 3816 1569 3888 ’Νεμέσεσιν

266 3897 429 3967 ἀνιέρωσεν,
450 3901 486 3963 ὡς
510 3896 584 3955 είναι
607 3900 638 3955 έν
661 3899 725 3972 ίερῷ
743 3908 798 3954 τῶν
822 3907 926 3967 κυρτῶν
951 3895 1098 3966 Νεμέσεων
1120 3897 1151 3951 τὸ
1175 3894 1248 3950 ὅλον.
1286 3895 1348 3961 Qua
1370 3898 1405 3951 de
1428 3915 1458 3952 re
1480 3916 1570 3969 nuper

265 3978 325 4047 egit
348 3977 475 4033 Erwinus
493 3980 652 4034 Preuschen
676 3979 705 4032 in
730 3977 828 4033 libello
853 3977 903 4046 qui
929 3976 1093 4032 inscribitur
1115 3975 1280 4030 Mtnchtum
1306 3976 1365 4029 und
1392 3978 1569 4049 Sarapisknlt

266 4056 487 4127 (Jahresbericht
512 4058 561 4112 des
589 4058 778 4128 Grosshrzogl.
806 4055 1252 4127 Ludw.-Georgs-Gymnasiums
1285 4055 1449 4112 Darmstadt
1482 4063 1568 4128 1899).

263 4134 390 4190 Maxima
409 4152 476 4190 sane
495 4154 559 4191 cum
576 4136 778 4206 probabilitate
797 4152 893 4191 vocem
919 4135 1105 4207 ἐγκατοχήσας
1130 4152 1194 4188 cum
1217 4133 1330 4188 illomm
1352 4136 1497 4191 hominum
1521 4155 1570 4192 no-

265 4215 340 4271 mine
359 4214 514 4285 coniungit,
530 4216 579 4284 qui
592 4216 623 4269 in
642 4216 764 4285 Sarapeo
779 4215 962 4285 Memphitico
975 4215 1154 4282 habitabant,
1170 4231 1206 4268 sc.
1222 4212 1350 4285 κάτοχοι,
1368 4218 1465 4271 tamen
1478 4218 1570 4272 facere

266 4312 322 4349 non
340 4312 454 4364 possum
473 4294 542 4363 quin
556 4295 693 4364 dubitem,
714 4312 750 4349 an
769 4296 820 4349 sub
839 4295 875 4349 iis
889 4295 1010 4350 societas
1029 4294 1067 4349 sit
1080 4293 1281 4364 intellegenda,
1300 4311 1373 4363 quae
1392 4299 1458 4351 ante
1476 4297 1570 4350 omnia

266 4374 321 4429 sibi
339 4374 514 4446 propositum
531 4374 664 4429 habuerit
681 4373 815 4428 incubare
830 4379 864 4445 (v.
874 4394 901 4445 p.
917 4381 963 4431 26:
982 4377 1052 4442 „das
1065 4377 1132 4430 oben
1150 4375 1288 4429 ermittelte
1297 4376 1414 4431 Ικοῖῖῖιιῖ
1426 4377 1475 4432 der
1489 4377 1571 4431 Gilda

266 4472 319 4509 υοκ
328 4456 631 4526 professioasmc'tfsiqaa
645 4456 853 4525 Incubontea‘t.
873 4455 959 4509 Putat
973 4453 1048 4508 enim
1062 4454 1105 4510 Pr.
1125 4470 1192 4509 voce
1215 4451 1329 4524 κάτοχοι
1342 4453 1469 4509 homines
1484 4454 1569 4525 signi-

267 4534 345 4589 ficari
364 4552 422 4605 per
440 4533 699 4589 incubationem
718 4552 735 4589 a
755 4535 806 4588 deo
827 4534 1010 4603 ‘occupatos’,
1030 4534 1127 4601 itaque
1145 4532 1176 4587 in
1194 4550 1260 4587 voce
1279 4532 1465 4603 ίγκατοχήσας
1482 4534 1571 4603 expli-

268 4614 359 4668 canda
377 4632 440 4669 cum
458 4614 600 4670 Boeekhio
620 4614 757 4684 congruit.
793 4613 874 4669 Acris
894 4616 960 4667 sunt
977 4612 1086 4684 ingenii
1104 4630 1156 4667 nec
1174 4629 1231 4666 non
1250 4610 1393 4676 adrident,
1417 4630 1489 4681 qnae
1506 4631 1570 4683 pro-

267 4691 336 4748 tulit
360 4693 401 4747 vir
426 4694 604 4750 doctissimus
629 4710 720 4764 neque
747 4709 812 4749 vero
838 4692 1030 4750 dubitationes
1060 4694 1173 4761 desunt,
1197 4692 1232 4745 de
1257 4690 1359 4760 quibus
1386 4691 1487 4763 longus
1511 4692 1571 4747 fieri
