3550 5317
268 309 310 372 82
707 354 710 362 ,
838 305 931 374 Caput
947 306 993 359 IV.

268 474 305 536 οί
324 473 414 554 ἁγιοι
438 468 599 554 φανέντες
622 469 674 555 64,
690 469 777 533 3645
789 467 822 534 O.
846 468 1007 554 φανέντες
1029 470 1092 555 γὰρ
1119 468 1312 557 κοιμωμένῳ
1340 477 1386 557 τῷ
1413 468 1574 554 πάσχοντι

268 569 320 654 66,
335 567 423 632 3652
432 568 469 632 Β.
492 566 703 654 κοιμωμένην
725 565 886 653 φανέντες
908 565 1052 651 ἠλέησαν
1079 577 1149 643 τοῖς
1172 565 1336 654 δράμασιν
1357 576 1419 631 τοῦ
1442 568 1575 643 πάθους

269 667 351 753 αὐτη
375 674 437 750 την
458 669 642 753 θεραπείαν
664 665 835 751 ὀρέξαντες
859 665 911 749 68,
925 663 1011 730 3657
1022 664 1062 729 Ι).
1086 664 1276 741 ἐπιστάντες
1299 660 1362 730 οὖν
1381 663 1469 752 αὐτῷ
1492 663 1569 729 καθ’

267 763 395 841 ὕπνους
418 763 601 850 ἀμφότεροι
626 764 677 848 70,
691 763 778 828 3668
788 764 826 827 Β.
855 765 891 828 ol
915 764 1078 849 μάρτυρες
1106 766 1296 851 Σωφρονίφ
1324 764 1426 828 πάλιν
1452 762 1574 826 καθεύ-

266 864 360 927 δοντι
380 866 558 946 φαίνονται
578 862 620 926 ib.
644 861 777 926 3672Β.
813 861 950 925 Prorsus
968 865 1074 925 autem
1093 859 1320 944 Aristophanis
1338 860 1428 924 Pluti
1447 881 1573 924 scenam

266 961 300 1023 in
323 961 510 1024 memoriam
536 963 678 1043 revocat,
702 959 788 1043 quod
811 959 931 1044 legitur
952 959 1023 1023 mir.
1042 958 1094 1043 62,
1109 956 1245 1022 36400:
1267 957 1323 1023 καὶ
1340 959 1472 1044 νύκτωρ
1491 964 1573 1022 καθ-

266 1060 411 1124 εύδουσα
426 1056 598 1145 (Rhodope
623 1053 795 1143 quaedam)
814 1056 927 1140 βλέπει
941 1059 1020 1134 τοὺς
1038 1058 1207 1142 μάρτυρας
1225 1058 1283 1133 τὰς
1302 1066 1369 1121 τῶν
1392 1056 1573 1143 ἀρρώστων

265 1158 545 1242 περιπολεύοντας
568 1158 741 1240 φάλαγγας
764 1153 818 1220 καί
841 1168 922 1220 πᾶσι
945 1153 1020 1219 καθ’
1048 1153 1108 1220 ἕνα
1137 1153 1407 1240 προσβάλλοντας
1433 1151 1489 1218 καὶ
1516 1155 1573 1229 τὰς

267 1256 370 1331 ἰάσεις
394 1253 518 1342 ἑκάστῳ
543 1253 747 1340 παρέχοντας
769 1251 824 1318 καὶ
847 1254 953 1340 τούτῳ
972 1249 1034 1338 μέν
1055 1262 1165 1336 τοῦτο,
1188 1254 1277 1340 άλλφ
1301 1250 1338 1318 δέ
1361 1255 1442 1317 άλλο
1465 1261 1574 1316 ποιεῖν

266 1351 505 1430 ἐπιτάττοντας.
546 1351 620 1417 Uno
645 1352 745 1437 igitur
769 1351 944 1435 codemque
967 1351 1039 1415 loco
1063 1351 1160 1414 etiam
1179 1351 1232 1414 hic
1250 1352 1373 1435 aegroti
1392 1353 1572 1434 prosterne

265 1450 390 1535 bantur,
414 1451 447 1514 id
470 1451 557 1534 quod
577 1472 615 1513 ex
635 1449 735 1514 altero
755 1437 883 1533 quoque
902 1449 1005 1514 clucet
1028 1449 1098 1513 mir.
1118 1450 1170 1534 21,
1185 1447 1318 1533 3484Β,
1341 1449 1398 1512 ubi
1417 1449 1573 1531 Martyria

265 1549 422 1631 quaedam
449 1549 538 1612 videt
565 1552 723 1631 martyres
750 1548 833 1634 πρὸς
860 1546 965 1631 αὐτὴν
994 1546 1063 1632 μετ’
1093 1547 1264 1630 εὐλαβείας
1291 1546 1490 1632 ἐρχομένους
1516 1544 1572 1611 καὶ

264 1645 434 1729 λέγοντας·
457 1650 548 1722 τίνος
571 1645 682 1711 ἕνεκεν
706 1645 792 1712 ούτω
816 1648 897 1731 βοᾷς
919 1643 974 1710 καὶ
997 1646 1177 1710 καθεύδειν
1200 1645 1261 1710 οὐκ
1284 1643 1339 1731 ε’ᾅς
1357 1647 1435 1722 τοὺς
1458 1644 1495 1710 έν
1513 1647 1572 1717 ,νό-

264 1760 336 1820 σοις
354 1742 477 1809 ένθάὰε
494 1742 756 1830 προσμένοντας;
771 1741 841 1818 Quo
856 1742 928 1807 loco
944 1744 1000 1826 qui
1018 1743 1147 1828 proprie
1161 1741 1400 1808 ἀσθενούντων
1419 1742 1571 1826 appellati

265 1863 332 1904 esse
355 1841 505 1905 videntur
528 1845 618 1906 erant
641 1843 746 1925 τόποι,
769 1839 808 1905 ef.
828 1839 880 1925 37,
896 1838 984 1903 3564
993 1839 1032 1905 D.

353 1936 559 2002 Somniorum
588 1960 670 2021 quac
693 1960 786 2002 mane
814 1942 989 2024 appareant
1016 1939 1066 2001 vis
1089 1936 1142 2025 (cf.
1162 1962 1192 2022 p.
1211 1936 1248 2025 4)
1276 1938 1402 2002 duobus
1428 1937 1571 2022 perlucet

262 2036 350 2100 locis.
397 2035 501 2100 Mater
523 2034 688 2121 quaedam,
712 2058 849 2119 qnorum
872 2035 959 2100 filius
982 2035 1063 2100 alter
1091 2037 1247 2120 serpentis
1276 2059 1337 2101 ovo
1366 2058 1492 2101 comeso
1520 2059 1573 2100 ve

264 2133 517 2198 hamentissimis
541 2134 701 2198 cruciatur
724 2134 899 2218 doloribus,
921 2139 1077 2218 martyres
1101 2135 1265 2218 implorat:
1288 2144 1391 2200 ταῦτα
1418 2133 1472 2199 καὶ
1496 2136 1571 2200 τού-

263 2257 330 2296 των
344 2237 482 2298 πλείονα
500 2234 584 2318 πρὸς
602 2235 680 2308 τοὺς
698 2233 867 2318 μάρτυρας
885 2230 1029 2316 λέγουσα
1046 2230 1101 2297 καὶ
1120 2231 1164 2297 δι’
1187 2233 1266 2318 ὅλης
1284 2233 1403 2308 νυκτὸς
1421 2231 1570 2318 φέρουσα

263 2331 391 2415 δάκρυα
423 2331 544 2415 μικρὸν
576 2327 665 2415 περὶ
697 2330 768 2393 τὸν
800 2330 952 2416 ὄρθρον
983 2330 1212 2416 άφύπνωσε,
1244 2331 1306 2397 οὐκ
1337 2330 1484 2415 ἀθυμίας
1514 2328 1569 2395 καί

263 2431 369 2493 κόπου
392 2425 573 2514 ζνικηθεῐσα
601 2438 671 2503 τοῖς
698 2425 845 2511 βέλεσιν,
879 2427 958 2493 ἀλλ’
985 2429 1050 2493 ίνα
1077 2431 1148 2513 τὴν
1174 2439 1251 2493 τῶν
1278 2428 1401 2511 ἁγίων
1430 2430 1570 2493 θεάσοι

262 2525 472 2604 ἐπίσκεψιν
495 2525 548 2609 34,
566 2523 654 2586 3540
663 2524 700 2587 B.
725 2523 764 2587 cf.
783 2525 821 2587 de
844 2523 964 2589 Ioanne
988 2525 1184 2590 subdiacono
1208 2526 1260 2612 37,
1280 2523 1418 2589 3565A:
1441 2527 1570 2591 τούτων

262 2623 424 2708 άκρυατης
451 2635 518 2687 τῶν
541 2621 697 2707 ῥημάτων
714 2619 872 2704 Ἰωάννης
894 2620 970 2688 καθ’
993 2622 1121 2700 ύπνους
1144 2627 1322 2708 γενόμενος
1345 2623 1471 2700 εὐθέως
1498 2623 1568 2688 άνί-

262 2738 377 2786 σταται
401 2723 465 2785 σὺν
487 2726 533 2807 τῷ
555 2717 650 2805 ύπνῳ
673 2719 734 2800 την
756 2719 930 2801 τύφλωσιν
952 2719 1171 2806 ἀποθέμενος·
1198 2719 1387 2806 άναβλέψας
1413 2723 1476 2809 γὰρ
1500 2771 1508 2786 .
1531 2771 1538 2785 .
1562 2773 1568 2784 .

262 2821 299 2883 τὸ
323 2817 446 2902 φέγγος
469 2817 532 2904 ὁρᾷ
554 2813 671 2881 νεωστί
694 2825 755 2880 τοῦ
778 2815 875 2898 ἡλίου
898 2821 1079 2902 γενόμενον
1103 2818 1267 2906 (ὄρθρος
1289 2821 1361 2905 γάρ
1385 2816 1455 2907 ἦν).

350 2915 510 2999 Martyres
544 2918 599 2978 aut
636 2915 745 3006 statim
779 2920 893 2980 sanant
925 2922 1074 3002 aegrotos
1106 2917 1196 2981 velut
1229 2917 1378 2982 manibus
1411 2940 1466 2982 eos
1500 2921 1569 2981 tan-

262 3013 380 3099 gendo:
404 3016 439 3078 ol
459 3014 498 3078 τά
527 3010 687 3096 λεχθέντα
710 3014 810 3098 μύρια
839 3011 944 3100 ἠρέμα
975 3036 1044 3091 πως
1075 3024 1147 3091 ταῖς
1179 3013 1272 3101 χερσὶ
1302 3013 1568 3096 καταύήξεσιν

260 3108 561 3196 φυγαδεύσαντεςῑ)
590 3109 640 3195 16,
659 3109 746 3173 3473
756 3108 795 3175 Α.
831 3110 849 3176 ὁ
881 3112 919 3175 τὸ
948 3107 1037 3195 ἧπαρ
1070 3108 1107 3175 δὲ
1138 3123 1210 3188 ταῖς
1241 3111 1360 3195 ἁφαῖς
1393 3112 1567 3195 ἰασάμενος

261 3207 314 3290 61,
329 3207 414 3271 3637
429 3206 510 3291 ΟίΙ).
534 3219 601 3272 τῶν
625 3207 780 3291 ὀμμάτων
803 3207 997 3292 ἁψάμενοι
1024 3206 1079 3273 καί
1110 3210 1295 3294 φαρμάκοις
1322 3209 1363 3272 οὐ
1390 3211 1567 3293 παραγγεί-

263 3310 379 3381 λαντες
402 3307 589 3390 χρήσασθαι
612 3304 665 3390 69,
679 3303 820 3390 3664Α;
844 3310 908 3390 aut,
932 3306 1019 3389 quod
1041 3311 1090 3370 est
1112 3307 1253 3390 saepius,
1280 3305 1456 3370 remedium
1479 3329 1568 3390 prae-

260 3401 418 3466 scribunt:
449 3401 489 3466 ού
517 3403 581 3485 γάρ
608 3403 685 3467 adds
712 3415 821 3469 ποιεῖν
849 3403 893 3470 δι’
926 3406 1089 3490 ὁράματος
1115 3403 1136 3488 ἣ
1163 3406 1240 3469 τόδε
1271 3402 1491 3490 προσέταξαν,
1519 3404 1568 3479 ὡς

260 3502 352 3576 ἔθος
376 3499 514 3575 αὐτοῖς
538 3500 798 3585 διαπράττεσθαι
824 3509 892 3568 κτλ.
915 3502 968 3587 41,
983 3501 1114 3567 35810.
1138 3500 1478 3588 peraerumnosis
1497 3503 1567 3566 dcu-

259 3597 459 3681 πράξασθαι,
482 3599 610 3684 ὥσπερ
633 3598 802 3675 ἅπαντες
826 3601 858 3664 οἱ
876 3603 1044 3677 παθόντες
1062 3601 1206 3683 κτλ-48,
1220 3600 1305 3663 3601
1319 3599 1352 3664 6.
1389 3599 1466 3663 Vim
1485 3598 1566 3664 salu-

259 3695 388 3759 tiferam
411 3700 449 3759 ut
471 3695 578 3760 oleum
602 3695 733 3759 exhibet
756 3695 794 3760 de
816 3696 965 3779 lampade
989 3720 1078 3762 sacra
1097 3692 1272 3781 sumptum'
1285 3699 1331 3762 ita
1353 3720 1425 3761 cera
1447 3697 1566 3762 sanctis

259 3798 456 3874 consecrata3
480 3793 519 3858 cf.
539 3793 592 3879 36,
605 3792 741 3857 35536ε
763 3793 819 3859 καὶ
843 3795 988 3879 δύναμιν
1010 3795 1091 3860 αὐτὸ
1115 3794 1172 3882 (sc.
1191 3796 1298 3860 oleum
1321 3793 1461 3882 sacrum)
1484 3797 1566 3860 κατὰ

259 3890 456 3975 νοσημάτων
479 3893 567 3974 ἔχειν
590 3888 785 3979 τιθέμεθαῖ)
813 3913 960 3957 necnon
986 3894 1014 3977 1,
1029 3892 1169 3956 3425D:
1198 3903 1255 3976 τῆς
1283 3893 1393 3958 αὐτῶν
1417 3903 1566 3979 κηρωτης

349 4119 374 4187 1)
393 4118 449 4172 Ubi
475 4121 571 4173 tamen
594 4121 734 4189 quaedam
757 4119 887 4174 videntur
910 4119 1007 4174 deesse
1030 4119 1061 4173 in
1085 4123 1165 4175 textu
1189 4120 1242 4192 (vel
1265 4138 1316 4190 pro
1340 4122 1565 4193 φνγαθεύταντες

260 4199 487 4267 θεραπεύσαντες
504 4198 690 4270 legendumt).

347 4280 373 4348 λ)
393 4278 528 4333 Similiter
552 4298 572 4334 s.
592 4281 762 4336 Maximinus
790 4282 849 4336 viro
876 4281 949 4350 pede
977 4280 1118 4335 laboranti
1141 4280 1293 4352 praecipit:
1321 4283 1373 4349 „de
1400 4283 1469 4349 oleo,
1493 4282 1565 4353 ηκοά

258 4364 321 4414 ante
338 4359 426 4414 attare
445 4358 547 4428 pendet
563 4361 595 4413 ίιι
620 4360 759 4429 tampade,
778 4363 857 4416 tolle“
876 4378 900 4416 e.
915 4380 941 4430 q.
962 4379 982 4415 s.
1001 4361 1034 4416 A.
1055 4379 1076 4415 s.
1096 4362 1160 4416 mai.
1180 4365 1200 4416 t.
1215 4361 1267 4416 VII
1284 4380 1311 4431 p.
1327 4362 1402 4418 3011.
1426 4362 1564 4430 Zacynthi

258 4439 304 4492 die
324 4456 344 4494 s.
364 4438 491 4493 Marinae
510 4439 604 4493 media
622 4439 709 4494 missa
728 4442 857 4495 sacerdos
876 4442 1015 4495 dementis
1034 4441 1076 4494 ori
1095 4441 1188 4495 oleum
1202 4441 1291 4495 illinit
1305 4459 1338 4495 ex
1352 4441 1483 4511 lampade
1498 4445 1564 4495 ante

258 4518 457 4573 miraculosam
476 4537 549 4588 quae
568 4521 649 4573 ardet
668 4519 790 4590 effigiem
804 4521 947 4589 haustum,
965 4521 996 4575 B.
1012 4521 1140 4576 Schmidt
1152 4521 1185 4576 D.
1200 4521 1307 4576 Volksl.
1324 4523 1349 4576 d.
1365 4522 1468 4591 Neugr.
1483 4540 1509 4591 p.
1520 4526 1562 4575 80.

257 4598 298 4651 De
325 4599 464 4654 Michaele
492 4599 526 4656 cf.
546 4619 572 4670 p.
589 4606 635 4668 65,
663 4601 697 4654 de
723 4600 823 4655 Cosma
849 4604 878 4655 et
907 4600 1047 4656 Damiano
1069 4620 1096 4671 p.
1113 4609 1154 4657 72.
1200 4601 1327 4670 Denique
1361 4600 1396 4654 dc
1425 4619 1445 4654 s.
1470 4601 1564 4672 Eligio

258 4678 366 4732 adicias
385 4698 458 4748 quae
482 4680 614 4754 leguntur
637 4680 733 4751 Migne
751 4684 771 4736 t.
788 4687 820 4737 87
845 4701 872 4751 p.
888 4683 986 4738 591B:
1009 4683 1233 4750 ,πολλοειιίακι
1254 4683 1386 4737 sanitates
1408 4699 1441 4737 ex
1464 4699 1494 4737 eo
1516 4683 1564 4754 qui
