3550 5317
847 279 939 349 Caput
956 280 977 332 Ι.

332 441 514 496 11111111Χ33.
534 438 695 495 κατέκλινεν
704 440 750 493 Ar.
765 438 848 510 Vesp.
866 445 925 493 124.
944 436 1143 506 κατεκλίναμεν
1157 438 1287 492 Α1.Ρ1111.
1303 444 1363 493 662,
1387 439 1565 496 κατακλίνειν

331 521 369 575 11).
385 526 445 575 411.
467 520 500 573 cf.
521 518 705 582 κατακλίσεως
727 519 843 574 Aristid.
859 519 884 572 Π
899 515 1187 586 115,10.κατακλι’σεις
1211 518 1249 571 111.
1264 524 1325 585 412,
1336 525 1378 573 24.
1398 518 1498 574 Latine
1513 520 1564 573 in-

330 600 467 655 cubare:
487 600 520 655 cf.
539 598 658 653 incubat
674 600 765 653 Plaut.
782 599 889 654 Curcul.
905 604 948 654 81.
968 598 1041 652 Serv.
1062 597 1099 650 ad
1117 596 1200 667 Verg.
1213 598 1288 652 Aen.
1308 597 1359 651 VII
1373 605 1415 653 88.
1434 598 1565 655 incubuit

330 680 414 751 Verg.
434 680 502 735 Aen.
521 680 573 735 Vll
594 684 636 734 88.
668 679 761 734 Valer.
784 677 900 732 Maxim.
918 677 983 731 Vm
1002 683 1036 731 15
1068 679 1172 731 extern.
1198 684 1221 731 3.
1246 677 1398 733 incubuere
1430 680 1563 749 Pompon.

331 760 407 815 Mela
425 760 438 812 Ι
453 766 477 825 8,
488 765 530 814 43.
551 758 719 814 incubantes
738 758 886 813 SolinVII
902 763 943 812 10.
967 755 1143 810 incubaturis
1166 757 1282 811 Tertull.
1304 757 1339 812 de
1362 773 1406 812 an.
1425 765 1460 812 48
1484 758 1563 829 Oorp.

330 838 430 909 Script.
448 839 522 893 Eccl.
542 839 604 893 Lat.
623 839 674 892 XX
690 844 703 891 1
719 856 745 907 p.
762 843 823 909 319,
834 843 875 892 15.
890 836 1026 892 incubare
1044 836 1377 892 Ρ11111.01110.266.268.
1402 838 1475 894 Serv.
1495 839 1563 894 Aen.

327 918 379 975 VII
394 924 436 973 88.
455 916 568 972 Hieron.
589 918 625 971 ad
643 918 697 972 les.
713 923 783 987 85,4
801 916 898 988 Migne
908 916 1013 972 Patrol.
1027 918 1088 971 Lat.
1102 919 1123 971 t.
1139 923 1173 971 24
1191 935 1218 986 p.
1229 916 1321 971 65711.
1342 917 1376 972 cf.
1387 920 1566 974 excubabant

333 996 388 1053 Cic.
404 997 439 1052 de
455 996 509 1051 div.
524 998 536 1049 I
550 1002 594 1063 43,
605 1002 646 1051 95.

349 1124 420 1189 Hac
443 1124 544 1209 igitur
568 1124 774 1189 incubatione
793 1124 1003 1207 efficiebatur,
1021 1128 1059 1188 ut
1077 1123 1223 1187 homines
1243 1145 1315 1187 cum
1334 1124 1384 1187 dis
1403 1147 1460 1208 per
1484 1147 1566 1190 som-

261 1245 340 1285 num
364 1225 497 1306 possent
520 1222 679 1307 congredi,
702 1220 884 1307 colloqui1),
908 1220 1110 1305 quaestiones
1133 1221 1288 1305 proferre,
1311 1242 1464 1303 responsa
1486 1225 1565 1287 acci-

259 1341 343 1404 pere.
389 1318 427 1383 Id
449 1320 536 1403 quod
559 1320 766 1404 exprimitur,
789 1342 862 1384 cum
886 1318 999 1383 Celsus
1022 1318 1107 1401 apud
1130 1316 1218 1403 Orig.
1237 1338 1262 1382 c.
1284 1316 1364 1382 Cels.
1383 1317 1447 1383 VH
1461 1318 1504 1384 35
1527 1320 1566 1384 de

260 1414 457 1503 Trophonio,
479 1415 686 1503 Amphiarao,
709 1416 823 1503 Mopso
847 1416 940 1501 dicit,
962 1416 1013 1481 ὅτι
1036 1417 1224 1493 ilderatus
1252 1416 1375 1493 αὐτοὺς
1397 1416 1458 1499 οὐχ
1481 1417 1566 1495 ἅπαξ

262 1512 523 1603 ταραρρνίντας,
547 1564 553 1578 .
578 1566 584 1579 .
609 1566 615 1578 .
639 1513 708 1580 ἀλλ’
738 1512 789 1579 ast
812 1525 882 1591 τοῖς
904 1511 1122 1597 βουλομένοις
1144 1510 1384 1600 ὁμιλοῦνταςῖ).
1469 1580 1472 1585 ,

349 1604 605 1681 Consentaneum
629 1615 678 1675 est
705 1610 756 1676 vel
780 1633 834 1675 cos
862 1610 1018 1695 homines,
1051 1610 1107 1694 qui
1140 1610 1174 1674 in
1206 1610 1567 1695 templisincubabant,

261 1730 327 1772 non
351 1729 476 1792 semper
500 1707 624 1772 somnia
646 1709 816 1792 perspicua
838 1707 1007 1792 accepisse,
1030 1706 1119 1772 velut
1143 1706 1363 1792 Cappadocem
1386 1708 1487 1793 illum,
1511 1709 1567 1793 qui

350 1936 375 2005 1)
395 1935 429 1989 cf.
449 1936 483 1989 de
502 1935 592 1989 Fauni
611 1935 722 1991 oraculo
736 1935 819 2005 Verg.
839 1935 907 1991 Aen.
927 1935 979 1988 VH
992 1940 1026 1989 88
1033 1952 1107 2004 sqq.:
1125 1936 1292 2003 „parcum
1306 1934 1426 2003 pellibus
1442 1937 1569 1993 incubuit

258 2015 352 2071 stratis
369 2032 526 2085 somnosque
541 2016 647 2085 petivit,
664 2018 667 2087 1
683 2016 770 2070 multa
787 2016 875 2069 modis
896 2016 1047 2069 simulacra
1063 2015 1136 2069 uidet
1153 2014 1300 2069 volitantia
1317 2015 1396 2070 miris
1412 2016 1416 2085 Ι
1432 2022 1457 2071 et
1473 2018 1568 2072 carias

259 2096 340 2150 cudit
357 2112 431 2151 voces
448 2096 645 2165 fruiturque
662 2096 773 2151 deorum
790 2097 793 2165 Ι
809 2095 1013 2164 1011011101*

266 2240 267 2245 ¹
348 2177 375 2243 2)
394 2174 494 2229 Dlucet
513 2190 547 2228 ex
565 2174 609 2228 his
627 2174 817 2244 Trophonium
841 2175 939 2229 eodem
960 2174 1045 2229 modo
1063 2172 1226 2239 vaticinari,
1244 2190 1299 2243 quo
1318 2174 1521 2243 Amphiaraum
1539 2178 1569 2230 et

260 2253 400 2323 Mopsum,
419 2253 446 2308 h.
463 2270 486 2309 e.
504 2272 554 2323 per
573 2272 708 2309 somnum.
738 2253 914 2322 Quamquam
932 2271 989 2308 non
1006 2271 1142 2325 negamus
1161 2252 1286 2321 aliquam
1310 2256 1420 2308 exstare
1439 2254 1568 2309 differen-

260 2331 338 2386 tiam.
376 2332 449 2387 Nam
473 2350 536 2387 cum
560 2334 636 2403 apud
659 2336 766 2388 ceteros
793 2334 859 2388 deos
882 2332 913 2387 in
935 2333 1060 2403 ipsorum
1078 2332 1191 2402 templis
1209 2331 1386 2401 incubarent,
1405 2334 1482 2403 apud
1499 2334 1567 2388 Tro-

260 2410 396 2480 phonium
414 2411 445 2465 in
463 2416 576 2467 antrum
594 2415 656 2470 erat
674 2413 911 2482 descendendum
930 2412 980 2467 ubi
997 2416 1094 2467 tamen
1111 2413 1257 2481 πνεύματα
1271 2413 1410 2480 quaedam
1431 2415 1465 2481 (v.
1482 2414 1567 2467 schol.

262 2492 308 2545 Ar.
328 2492 402 2547 Nub.
422 2498 474 2546 508
493 2493 512 2547 I.
529 2493 614 2549 schol.
634 2492 718 2548 Arist.
738 2494 777 2547 Ill
794 2512 825 2563 p·.
837 2498 880 2560 65,
904 2499 938 2547 30
953 2492 1035 2547 Dind.
1051 2492 1167 2546 Aristot.
1187 2492 1222 2545 de
1241 2492 1346 2545 mundo
1364 2499 1381 2546 4
1396 2510 1422 2561 p.
1438 2494 1516 2546 aeth
1532 2499 1566 2547 26

260 2571 348 2626 Bekk.
364 2571 440 2627 Stob.
456 2572 539 2641 Phys.
554 2573 645 2641 Ι34,2
660 2591 686 2641 p.
704 2578 754 2627 185
770 2572 867 2642 Mein.)
881 2571 1012 2626 videntur
1025 2571 1151 2626 homines
1166 2569 1304 2625 eiusmodi
1318 2588 1415 2626 somno
1430 2572 1567 2641 affecisse,

260 2669 315 2720 quo
341 2652 378 2705 ad
401 2668 444 2705 res
469 2650 577 2705 divinas
596 2651 791 2721 percipiendas
814 2651 910 2705 idonei
932 2650 1002 2705 facti
1025 2651 1089 2706 sint.
1126 2651 1226 2718 Itaque
1248 2650 1439 2705 Tertullianus
1463 2652 1498 2707 de
1522 2670 1566 2707 111.

258 2737 293 2785 46
312 2730 340 2787 C.
361 2731 438 2786 11.
458 2732 487 2785 L.
506 2732 557 2785 XX
578 2737 590 2785 1
611 2750 638 2801 p.
653 2736 713 2800 317,
738 2730 788 2784 ubi
811 2730 925 2785 oracula
943 2733 1097 2799 enumerat,
1116 2730 1218 2797 quibus
1236 2747 1287 2800 per
1309 2747 1437 2785 somnum
1461 2731 1568 2787 divina-

258 2810 355 2879 batur,
378 2810 569 2879 Trophonium
587 2827 698 2879 quoque
717 2812 924 2865 commemorat.
960 2808 1095 2876 Boeotiis,
1114 2810 1164 2877 qui
1185 2827 1202 2863 a
1219 2810 1375 2865 Thracibus
1394 2812 1520 2881 superati
1538 2812 1569 2866 in

260 2890 373 2942 antrum
401 2888 461 2944 eius
489 2890 685 2959 confugerant,
710 2907 761 2959 per
787 2891 924 2946 cornutum
950 2888 999 2943 ille
1027 2888 1181 2958 Dionysum
1210 2890 1347 2944 auxilium
1373 2891 1568 2960 praebiturum

259 2966 408 3023 nuntiavit.
447 2968 480 3023 cf.
501 2969 581 3025 Phot.
602 2987 623 3024 ε.
642 2989 665 3024 v.
686 2970 786 3025 Λύσιον
803 2968 920 3025 τελεταί·
941 2969 972 3023 αί
990 2969 1146 3023 Διονύσου·
1172 2971 1289 3025 Βοιωτοὶ
1307 2970 1360 3041 γὰρ
1379 2969 1493 3033 ἁλόντες
1511 2971 1567 3025 bnt

162 3106 165 3114 ,
262 3050 381 3121 Θρᾳκῶν
395 3050 444 3103 καὶ
458 3047 595 3119 φυγόντες
609 3050 649 3113 εἰς
665 3049 843 3120 Τροφωνίου,
858 3048 931 3104 κατ’
948 3049 1030 3117 ὄναρ
1045 3047 1155 3104 ἐκείνου
1174 3047 1315 3104 Διόνυσον
1329 3049 1443 3104 ἔσεσθαι
1457 3051 1569 3121 βοηθὸν

262 3126 411 3196 φήσαντος,
426 3128 580 3197 μεθύουσιν
595 3128 757 3199 ἐπιθέμενοι
771 3139 830 3192 τοῖς
845 3130 952 3204 Θρᾳξὶν
965 3129 1065 3183 ἔλυσαν
1080 3127 1220 3195 ἀλλήλους,
1249 3128 1372 3183 01811111,
1387 3146 1408 3183 s.
1420 3148 1443 3183 v.
1460 3130 1567 3184 eadem.

260 3206 386 3275 Apostol.
405 3207 430 3260 X
446 3213 479 3261 99
498 3207 759 3279 (Ρ1101111.11513).
782 3209 918 3263 Arrenius
940 3208 1014 3263 Viol.
1034 3226 1060 3277 p.
1076 3213 1128 3261 340
1151 3207 1241 3261 Walz.
1260 3208 1370 3277 (Αύσιοι
1393 3210 1499 3263 τελεταὶ
1518 3210 1567 3263 καὶ

260 3286 348 3341 λύσαν
362 3286 495 3354 ἀλλήλους
508 3288 645 3356 praebent
653 3289 706 3358 Ap.
716 3289 777 3343 Ars.
787 3289 816 3343 ll.
827 3306 865 3343 cc.
877 3288 984 3343 Ultima
1000 3287 1086 3342 verba
1105 3304 1121 3341 c
1140 3289 1273 3342 contextu
1285 3287 1317 3340 in
1334 3287 1450 3342 titulum
1469 3288 1568 3343 ablata

259 3366 339 3433 sunt;
363 3383 388 3419 v.
416 3366 538 3421 Leutsch
557 3367 593 3421 ad
611 3368 663 3437 Ap.
687 3369 740 3422 Pro
764 3368 863 3424 ἔλυσαν
891 3368 1025 3437 ἀλλήλους
1051 3365 1186 3421 Arsenius
1209 3366 1568 3438 111111111καλέλύθήσαν,

261 3443 387 3512 Apostol.
407 3446 455 3499 uod
473 3446 654 3516 διελύθησαν.
685 3448 755 3505 ‘uui'
779 3448 852 3502 illud
874 3448 996 3519 irrepsit,
1015 3446 1084 3516 quia
1101 3446 1256 3515 μεθύουσιν
1274 3453 1299 3502 8.
1314 3447 1385 3516 plur.
1400 3447 1458 3502 ind.
1477 3465 1568 3518 praes.

261 3540 323 3577 csse
340 3524 495 3595 putabant,
514 3526 680 3595 praesertim
699 3545 761 3581 cum
779 3527 910 3596 Dionysii
933 3526 1069 3581 auxilium
1087 3525 1229 3581 efficacius
1247 3526 1397 3596 videretur,
1416 3527 1440 3581 si
1458 3527 1569 3582 Boeotii

259 3602 315 3672 ipsi
340 3601 405 3659 vino
428 3604 539 3675 impleti
561 3606 656 3660 hostes
680 3606 831 3676 vicissent.)
869 3605 947 3671 Quae
970 3606 1000 3660 in
1018 3606 1162 3661 Timarchi
1179 3606 1342 3660 narratione
1360 3605 1501 3676 leguntur,
1521 3607 1569 3675 qui

261 3684 450 3753 Trophonium
476 3686 657 3745 consultavit:
691 3686 744 3755 ἔφη
768 3685 802 3741 δὲ.
823 3686 949 3757 καταβὰς
971 3686 1012 3748 εἰς
1034 3686 1065 3739 τὸ
1094 3695 1226 3753 μαντεῖον
1248 3688 1457 3739 ...κεῖσθαι
1480 3688 1569 3741 πολὺν

260 3760 372 3832 χρόνον,
401 3765 439 3818 οὐ
462 3764 536 3833 μάλα
564 3776 769 3835 συμφρονῶν
797 3765 921 3835 ἐναργῶς
954 3761 1012 3819 είτ’
1040 3763 1226 3834 ἐγρήγορεν
1256 3762 1315 3818 εἴτ’
1342 3763 1570 3832 ὠνειροπόλει

263 3842 347 3910 (Plut.
367 3844 401 3897 de
421 3860 485 3913 gen.
505 3844 578 3901 Scor.
598 3851 632 3900 22
651 3865 677 3916 p.
693 3851 746 3901 590
754 3847 798 3914 Β),
816 3845 845 3899 in
864 3843 1029 3899 memoriam
1042 3846 1177 3898 revocant
1191 3860 1276 3912 supra
1294 3859 1312 3897 a
1329 3844 1412 3898 nobis
1431 3846 1570 3899 adnotata

261 3920 306 3991 (cf.
316 3939 343 3989 p.
353 3924 389 3991 4).
422 3922 550 3993 Denique
564 3925 594 3979 in
609 3925 734 3980 eiusdem
747 3924 918 3981 narrationis
936 3924 991 3978 fine
1010 3923 1046 3977 de
1060 3939 1089 3977 sc
1102 3922 1165 3991 ipso
1179 3922 1343 3977 Timarchus
1362 3924 1433 3979 haec
1450 3926 1569 3994 profert:

261 3998 321 4056 εἶτα
340 4000 435 4070 μέντοι
457 4002 525 4071 μετὰ
548 4005 648 4073 μικρὸν
675 4006 833 4076 ἀνενεγκὼν
856 4004 927 4073 ὁρᾶν
945 4004 1032 4059 αὑτὸν
1051 4002 1082 4058 ἐν
1104 4002 1271 4072 Τροφωνίου
1289 4002 1367 4071 παρὰ
1385 4004 1436 4073 τὴν
1450 4004 1570 4074 είσοδον,

151 4146 153 4149 ¹
261 4076 347 4150 ούττερ
370 4082 399 4147 ἐξ
423 4082 510 4152 ἀργῆς
531 4082 732 4155 κατεκλίθη,
756 4083 924 4153 κείμενον.
951 4117 982 4125 -
1007 4085 1049 4139 De
1068 4083 1238 4138 adeuntibus
1258 4083 1449 4153 Trophonium
1467 4085 1571 4140 dicitur

261 4158 460 4230 συγγίγνεσθαι
481 4168 519 4235 τῷ
546 4162 933 4235 Τροφωνίφ,1.Ρ111Ιοε1111.
957 4164 1014 4219 Vit.
1038 4164 1129 4233 Apoll.
1154 4163 1218 4216 VIII
1233 4170 1266 4217 19
1280 4182 1307 4232 p.
1322 4169 1387 4231 335,
1413 4170 1430 4218 8
1448 4165 1569 4234 Kayser:

261 4240 321 4294 ἐττελ
339 4245 377 4312 τῷ
399 4240 553 4314 Τροφωνίῳ
568 4242 648 4311 μήτω
662 4242 824 4313 ξυγγέγονα.
853 4244 926 4299 Max.
941 4243 1082 4313 Τγ1.(1111.
1098 4250 1140 4311 14,
1155 4250 1184 4298 2:
1204 4243 1219 4297 ὁ
1234 4241 1367 4313 δεόμενος
1385 4243 1571 4314 συγγενέσθαι

259 4325 298 4392 τῷ
316 4318 459 4393 Ιδαιμονίῳ
477 4324 525 4391 (sc.
545 4322 723 4393 Trophonio).
766 4323 820 4377 Vel
843 4324 872 4386 ἐς
894 4322 1016 4389 διάλεξιν
1039 4322 1180 4393 ἔρχεσθαι,
1203 4342 1227 4377 v.
1246 4322 1377 4378 Philostr.
1402 4323 1459 4377 Vit.
1476 4323 1569 4392 Apoll.

261 4399 299 4453 ib.
323 4419 349 4469 p.
370 4406 430 4469 336,
455 4407 483 4455 21
521 4400 617 4471 ἐχώρει
641 4398 815 4472 ὑποχθόνιος
839 4402 1052 4472 (Apollonius).
1074 4446 1079 4457 .
1105 4401 1238 4472 καθάπερ
1264 4403 1293 4466 ἐς
1318 4402 1441 4467 διάλεξιν
1469 4402 1570 4457 ἑαυτὸν

261 4476 375 4542 στείλας.
408 4479 533 4562 Quocrrm
548 4480 667 4536 conferri
680 4484 775 4550 potest
788 4481 826 4536 ib.
841 4482 880 4536 IV
900 4487 946 4535 16:
975 4481 1003 4544 ἐς
1017 4481 1141 4548 διάλεξιν
1154 4491 1204 4537 τοῦ
1219 4480 1357 4553 ’Λγιλλέως
1369 4475 1461 4549 ήλῶον
1475 4483 1571 4552 (verba

261 4558 414 4628 Apollonii,
425 4560 474 4629 qui
483 4560 603 4615 Achillis
611 4560 750 4615 tumulum
766 4561 893 4630 adierat).
909 4561 1034 4631 ἐντυχεῖν
1046 4566 1128 4625 θεοῖς
1141 4562 1211 4631 ὄναρ
1227 4562 1262 4615 de
1275 4559 1443 4631 Epimenide
1457 4560 1569 4632 dicitur,

261 4636 310 4706 qui
328 4638 359 4693 in
376 4639 448 4693 Iovis
467 4639 579 4697 Dictaei
599 4643 679 4696 antro
698 4642 870 4709 versabatur,
889 4642 962 4697 Max.
983 4642 1046 4711 Tyr.
1068 4642 1134 4697 diss.
1157 4647 1200 4711 16,
1220 4646 1243 4695 1.
