<?xml version="1.0" encoding="UTF-8"?>
<!DOCTYPE html PUBLIC "-//W3C//DTD XHTML 1.0 Transitional//EN"
    "http://www.w3.org/TR/xhtml1/DTD/xhtml1-transitional.dtd">
<html xmlns="http://www.w3.org/1999/xhtml" xml:lang="en" lang="en">
 <head>
  <title>
</title>
<meta http-equiv="Content-Type" content="text/html;charset=utf-8" />
  <meta name='ocr-system' content='tesseract 3.04.00' />
  <meta name='ocr-capabilities' content='ocr_page ocr_carea ocr_par ocr_line ocrx_word'/>
</head>
<body>
  <div class='ocr_page' id='page_1' title='image "./deincubationeca01deubgoog_0146.png"; bbox 0 0 3550 5317; ppageno 0'>
   <div class='ocr_carea' id='block_1_1' title="bbox 280 319 1580 389">
    <p class='ocr_par' dir='ltr' id='par_1_1' title="bbox 280 319 1580 389">
     <span class='ocr_line' id='line_1_1' title="bbox 280 319 1580 389; baseline -0.018 -4"><span class='ocrx_word' id='word_1_1' title='bbox 280 322 344 385; x_wconf 85' lang='lat'><em>134</em></span> <span class='ocrx_word' id='word_1_2' title='bbox 761 320 901 374; x_wconf 79' lang='lat' dir='ltr'>Laudatio</span> <span class='ocrx_word' id='word_1_3' title='bbox 919 319 1104 389; x_wconf 71' lang='lat' dir='ltr'><strong>Therapontis</strong></span> <span class='ocrx_word' id='word_1_4' title='bbox 1442 325 1485 387; x_wconf 79' lang='lat'><em>28,</em></span> <span class='ocrx_word' id='word_1_5' title='bbox 1496 327 1580 374; x_wconf 76' lang='lat'>1-21</span> 
     </span>
    </p>
   </div>
   <div class='ocr_carea' id='block_1_2' title="bbox 232 480 1582 767">
    <p class='ocr_par' dir='ltr' id='par_1_2' title="bbox 232 480 1582 767">
     <span class='ocr_line' id='line_1_2' title="bbox 232 480 1582 572; baseline 0.001 -23"><span class='ocrx_word' id='word_1_6' title='bbox 232 499 270 556; x_wconf 76' lang='lat'><em>28</em></span> <span class='ocrx_word' id='word_1_7' title='bbox 369 486 444 550; x_wconf 99' lang='grc' dir='ltr'><em>δότε</em></span> <span class='ocrx_word' id='word_1_8' title='bbox 471 485 593 569; x_wconf 86' lang='grc' dir='ltr'><em>μικρὸν</em></span> <span class='ocrx_word' id='word_1_9' title='bbox 619 485 667 549; x_wconf 82' lang='grc' dir='ltr'><em>ἔτι</em></span> <span class='ocrx_word' id='word_1_10' title='bbox 765 491 1032 568; x_wconf 82' lang='grc' dir='ltr'><em>κατεντρυφῆσαι</em></span> <span class='ocrx_word' id='word_1_11' title='bbox 1059 492 1106 572; x_wconf 87' lang='grc' dir='ltr'><em>τῷ</em></span> <span class='ocrx_word' id='word_1_12' title='bbox 1132 480 1265 571; x_wconf 74' lang='grc' dir='ltr'><em>ᾅσματι,</em></span> <span class='ocrx_word' id='word_1_13' title='bbox 1351 482 1521 570; x_wconf 76' lang='grc' dir='ltr'><strong><em>συνᾳδέτω</em></strong></span> <span class='ocrx_word' id='word_1_14' title='bbox 1545 482 1582 550; x_wconf 71' lang='grc' dir='ltr'><em>δὲ</em></span> 
     </span>
     <span class='ocr_line' id='line_1_3' title="bbox 280 579 1581 668; baseline 0.002 -22"><span class='ocrx_word' id='word_1_15' title='bbox 280 594 343 659; x_wconf 82' lang='grc' dir='ltr'><em>πᾶς</em></span> <span class='ocrx_word' id='word_1_16' title='bbox 366 580 439 666; x_wconf 77' lang='grc' dir='ltr'><em>ἐμοὶ</em></span> <span class='ocrx_word' id='word_1_17' title='bbox 484 579 538 647; x_wconf 84' lang='grc' dir='ltr'><em>καί</em></span> <span class='ocrx_word' id='word_1_18' title='bbox 563 581 772 668; x_wconf 81' lang='grc' dir='ltr'><em>άνακρονέτω</em></span> <span class='ocrx_word' id='word_1_19' title='bbox 796 582 923 668; x_wconf 79' lang='grc' dir='ltr'><em>χορδὴν</em></span> <span class='ocrx_word' id='word_1_20' title='bbox 946 580 984 647; x_wconf 86' lang='grc' dir='ltr'><em>έν</em></span> <span class='ocrx_word' id='word_1_21' title='bbox 1012 582 1133 668; x_wconf 75' lang='grc' dir='ltr'><em>κινάρα</em></span> <span class='ocrx_word' id='word_1_22' title='bbox 1158 590 1219 647; x_wconf 82' lang='grc' dir='ltr'><em>τοῦ</em></span> <span class='ocrx_word' id='word_1_23' title='bbox 1246 582 1446 666; x_wconf 87' lang='grc' dir='ltr'><em>πνεύματος·</em></span> <span class='ocrx_word' id='word_1_24' title='bbox 1491 607 1581 667; x_wconf 86' lang='grc' dir='ltr'><em>χαρι-</em></span> 
     </span>
     <span class='ocr_line' id='line_1_4' title="bbox 278 675 1582 767; baseline 0.002 -23"><span class='ocrx_word' id='word_1_25' title='bbox 278 682 433 764; x_wconf 90' lang='grc' dir='ltr'><em>στηρίους</em></span> <span class='ocrx_word' id='word_1_26' title='bbox 462 677 550 767; x_wconf 84' lang='grc' dir='ltr'><em>ῷδδις</em></span> <span class='ocrx_word' id='word_1_27' title='bbox 581 679 811 763; x_wconf 89' lang='grc' dir='ltr'><em>άνατείνωμεν.</em></span> <span class='ocrx_word' id='word_1_28' title='bbox 930 678 948 744; x_wconf 86' lang='grc' dir='ltr'>ὁ</span> <span class='ocrx_word' id='word_1_29' title='bbox 975 676 1037 763; x_wconf 75' lang='grc' dir='ltr'><em>μὲν</em></span> <span class='ocrx_word' id='word_1_30' title='bbox 1067 681 1131 766; x_wconf 85' lang='grc' dir='ltr'><em>γάρ</em></span> <span class='ocrx_word' id='word_1_31' title='bbox 1163 687 1285 763; x_wconf 76' lang='grc' dir='ltr'><em>ψυχῆς,</em></span> <span class='ocrx_word' id='word_1_32' title='bbox 1317 678 1335 744; x_wconf 90' lang='grc' dir='ltr'><em>δ</em></span> <span class='ocrx_word' id='word_1_33' title='bbox 1364 675 1401 744; x_wconf 73' lang='grc' dir='ltr'><em>δὲ</em></span> <span class='ocrx_word' id='word_1_34' title='bbox 1433 680 1582 765; x_wconf 83' lang='grc' dir='ltr'><em>σώματος</em></span> 
     </span>
    </p>
   </div>
   <div class='ocr_carea' id='block_1_3' title="bbox 181 772 1583 2524">
    <p class='ocr_par' dir='ltr' id='par_1_3' title="bbox 181 772 1583 2524">
     <span class='ocr_line' id='line_1_5' title="bbox 277 772 1582 863; baseline 0.002 -22"><span class='ocrx_word' id='word_1_35' title='bbox 277 777 386 854; x_wconf 72' lang='grc' dir='ltr'><em>πάθος</em></span> <span class='ocrx_word' id='word_1_36' title='bbox 410 775 665 863; x_wconf 77' lang='grc' dir='ltr'><em>εὐθυδρομήσας</em></span> <span class='ocrx_word' id='word_1_37' title='bbox 688 775 811 842; x_wconf 79' lang='grc' dir='ltr'><em>ἐνθάδε</em></span> <span class='ocrx_word' id='word_1_38' title='bbox 834 776 1005 862; x_wconf 77' lang='grc' dir='ltr'><em>διέφυγεν,</em></span> <span class='ocrx_word' id='word_1_39' title='bbox 1050 776 1068 842; x_wconf 86' lang='grc' dir='ltr'>ὁ</span> <span class='ocrx_word' id='word_1_40' title='bbox 1092 772 1130 841; x_wconf 72' lang='grc' dir='ltr'><em>δὲ</em></span> <span class='ocrx_word' id='word_1_41' title='bbox 1151 775 1206 841; x_wconf 82' lang='grc' dir='ltr'><em>καί</em></span> <span class='ocrx_word' id='word_1_42' title='bbox 1229 788 1297 842; x_wconf 91' lang='grc' dir='ltr'><em>τῶν</em></span> <span class='ocrx_word' id='word_1_43' title='bbox 1319 775 1446 855; x_wconf 76' lang='grc' dir='ltr'><em>ἔξωθεν</em></span> <span class='ocrx_word' id='word_1_44' title='bbox 1469 777 1582 862; x_wconf 77' lang='grc' dir='ltr'><em>ἐνδεὴς</em></span> 
     </span>
     <span class='ocr_line' id='line_1_6' title="bbox 257 873 1542 964; baseline 0 -23"><span class='ocrx_word' id='word_1_45' title='bbox 257 875 425 959; x_wconf 82' lang='grc' dir='ltr'><em>ιγεγονὼς</em></span> <span class='ocrx_word' id='word_1_46' title='bbox 447 876 554 964; x_wconf 85' lang='grc' dir='ltr'><em>τούτῷ</em></span> <span class='ocrx_word' id='word_1_47' title='bbox 576 877 865 961; x_wconf 76' lang='grc' dir='ltr'><em>προσκαρτερήσας</em></span> <span class='ocrx_word' id='word_1_48' title='bbox 888 883 933 962; x_wconf 90' lang='grc' dir='ltr'><em>τῷ</em></span> <span class='ocrx_word' id='word_1_49' title='bbox 957 877 1040 962; x_wconf 79' lang='grc' dir='ltr'><em>θείῳ</em></span> <span class='ocrx_word' id='word_1_50' title='bbox 1063 875 1154 962; x_wconf 86' lang='grc' dir='ltr'><em>δόμῷ</em></span> <span class='ocrx_word' id='word_1_51' title='bbox 1177 884 1237 939; x_wconf 87' lang='grc' dir='ltr'><em>τοῦ</em></span> <span class='ocrx_word' id='word_1_52' title='bbox 1261 873 1395 952; x_wconf 82' lang='grc' dir='ltr'><em>δέοντος</em></span> <span class='ocrx_word' id='word_1_53' title='bbox 1418 877 1542 961; x_wconf 81' lang='grc' dir='ltr'><em>ἔτυχεν.</em></span> 
     </span>
     <span class='ocr_line' id='line_1_7' title="bbox 280 970 1582 1059; baseline 0.002 -22"><span class='ocrx_word' id='word_1_54' title='bbox 280 972 300 1056; x_wconf 77' lang='grc' dir='ltr'><em>η</em></span> <span class='ocrx_word' id='word_1_55' title='bbox 328 971 433 1059; x_wconf 81' lang='grc' dir='ltr'><em>ἡμέρα</em></span> <span class='ocrx_word' id='word_1_56' title='bbox 462 972 544 1056; x_wconf 77' lang='grc' dir='ltr'><em>αὕτη</em></span> <span class='ocrx_word' id='word_1_57' title='bbox 572 973 751 1059; x_wconf 88' lang='grc' dir='ltr'><em>μαρτύρων</em></span> <span class='ocrx_word' id='word_1_58' title='bbox 780 975 976 1058; x_wconf 79' lang='grc' dir='ltr'><em>πανήγυρις,</em></span> <span class='ocrx_word' id='word_1_59' title='bbox 1057 972 1228 1055; x_wconf 79' lang='grc' dir='ltr'><em>πάνδημος</em></span> <span class='ocrx_word' id='word_1_60' title='bbox 1258 970 1354 1058; x_wconf 79' lang='grc' dir='ltr'><em>ἑορτὴ</em></span> <span class='ocrx_word' id='word_1_61' title='bbox 1383 984 1451 1039; x_wconf 88' lang='grc' dir='ltr'><em>τῶν</em></span> <span class='ocrx_word' id='word_1_62' title='bbox 1480 974 1582 1058; x_wconf 79' lang='grc' dir='ltr'><em>ὀρθο-</em></span> 
     </span>
     <span class='ocr_line' id='line_1_8' title="bbox 279 1069 1582 1157; baseline 0.002 -23"><span class='ocrx_word' id='word_1_63' title='bbox 279 1069 386 1148; x_wconf 85' lang='grc' dir='ltr'><em>δόξων</em></span> <span class='ocrx_word' id='word_1_64' title='bbox 409 1070 589 1148; x_wconf 88' lang='grc' dir='ltr'><em>συνέστιος.</em></span> <span class='ocrx_word' id='word_1_65' title='bbox 634 1069 734 1153; x_wconf 82' lang='grc' dir='ltr'><em>βάλλε</em></span> <span class='ocrx_word' id='word_1_66' title='bbox 752 1093 810 1154; x_wconf 92' lang='grc' dir='ltr'><em>μοι</em></span> <span class='ocrx_word' id='word_1_67' title='bbox 828 1081 896 1134; x_wconf 86' lang='grc' dir='ltr'><em>τῶν</em></span> <span class='ocrx_word' id='word_1_68' title='bbox 910 1072 1172 1154; x_wconf 78' lang='grc' dir='ltr'><em>Παναθηναίων,</em></span> <span class='ocrx_word' id='word_1_69' title='bbox 1190 1080 1258 1135; x_wconf 89' lang='grc' dir='ltr'><em>τῶν</em></span> <span class='ocrx_word' id='word_1_70' title='bbox 1271 1070 1348 1156; x_wconf 88' lang='grc' dir='ltr'><em>&lt;τε&gt;</em></span> <span class='ocrx_word' id='word_1_71' title='bbox 1357 1069 1505 1157; x_wconf 90' lang='grc' dir='ltr'><em>Ἡραίων</em></span> <span class='ocrx_word' id='word_1_72' title='bbox 1527 1071 1582 1137; x_wconf 81' lang='grc' dir='ltr'><em>καὶ</em></span> 
     </span>
     <span class='ocr_line' id='line_1_9' title="bbox 278 1166 1583 1254; baseline 0.002 -22"><span class='ocrx_word' id='word_1_73' title='bbox 278 1171 490 1253; x_wconf 78' lang='grc' dir='ltr'><em>Δημητρίων,</em></span> <span class='ocrx_word' id='word_1_74' title='bbox 512 1170 762 1254; x_wconf 79' lang='grc' dir='ltr'><em>Θεσμοφορίων,</em></span> <span class='ocrx_word' id='word_1_75' title='bbox 776 1166 1002 1251; x_wconf 81' lang='grc' dir='ltr'><em>Ἐλευσινίων,</em></span> <span class='ocrx_word' id='word_1_76' title='bbox 1015 1166 1231 1253; x_wconf 80' lang='grc' dir='ltr'><em>Ἀρτεμισίαν</em></span> <span class='ocrx_word' id='word_1_77' title='bbox 1244 1168 1307 1252; x_wconf 84' lang='grc' dir='ltr'><em>[τε]</em></span> <span class='ocrx_word' id='word_1_78' title='bbox 1326 1166 1381 1233; x_wconf 83' lang='grc' dir='ltr'><em>καί</em></span> <span class='ocrx_word' id='word_1_79' title='bbox 1395 1166 1583 1254; x_wconf 79' lang='grc' dir='ltr'><em>Ὀλυμπίων</em></span> 
     </span>
     <span class='ocr_line' id='line_1_10' title="bbox 278 1263 1582 1353; baseline 0.001 -22"><span class='ocrx_word' id='word_1_80' title='bbox 278 1267 318 1331; x_wconf 88' lang='grc' dir='ltr'><em>τδι</em></span> <span class='ocrx_word' id='word_1_81' title='bbox 342 1267 494 1332; x_wconf 84' lang='grc' dir='ltr'><em>σκοτεινὰ</em></span> <span class='ocrx_word' id='word_1_82' title='bbox 517 1276 585 1331; x_wconf 89' lang='grc' dir='ltr'><em>τῶν</em></span> <span class='ocrx_word' id='word_1_83' title='bbox 608 1263 790 1350; x_wconf 83' lang='grc' dir='ltr'><em>ἑλληνικῶν</em></span> <span class='ocrx_word' id='word_1_84' title='bbox 812 1263 937 1350; x_wconf 80' lang='grc' dir='ltr'><em>ἑορτῶν</em></span> <span class='ocrx_word' id='word_1_85' title='bbox 964 1265 1162 1348; x_wconf 68' lang='grc' dir='ltr'><em>καταγώγιον.</em></span> <span class='ocrx_word' id='word_1_86' title='bbox 1220 1264 1261 1330; x_wconf 83' lang='grc' dir='ltr'><em>οὐ</em></span> <span class='ocrx_word' id='word_1_87' title='bbox 1284 1267 1348 1350; x_wconf 88' lang='grc' dir='ltr'><em>γάρ</em></span> <span class='ocrx_word' id='word_1_88' title='bbox 1372 1266 1582 1353; x_wconf 89' lang='grc' dir='ltr'><em>άντιπαρατί-</em></span> 
     </span>
     <span class='ocr_line' id='line_1_11' title="bbox 244 1361 1582 1451; baseline 0 -21"><span class='ocrx_word' id='word_1_89' title='bbox 244 1371 376 1430; x_wconf 79' lang='grc' dir='ltr'><em>ιοδεται</em></span> <span class='ocrx_word' id='word_1_90' title='bbox 411 1366 495 1451; x_wconf 86' lang='grc' dir='ltr'><em>πρὸς</em></span> <span class='ocrx_word' id='word_1_91' title='bbox 526 1362 673 1444; x_wconf 80' lang='grc' dir='ltr'><em>ἐξέτασιν</em></span> <span class='ocrx_word' id='word_1_92' title='bbox 762 1372 807 1451; x_wconf 89' lang='grc' dir='ltr'><em>τῷ</em></span> <span class='ocrx_word' id='word_1_93' title='bbox 849 1361 936 1449; x_wconf 83' lang='grc' dir='ltr'><em>φωτί</em></span> <span class='ocrx_word' id='word_1_94' title='bbox 976 1365 1013 1428; x_wconf 91' lang='grc' dir='ltr'><em>τὸ</em></span> <span class='ocrx_word' id='word_1_95' title='bbox 1055 1365 1171 1439; x_wconf 82' lang='grc' dir='ltr'><em>σκότος</em></span> <span class='ocrx_word' id='word_1_96' title='bbox 1207 1361 1263 1428; x_wconf 82' lang='grc' dir='ltr'><em>καί</em></span> <span class='ocrx_word' id='word_1_97' title='bbox 1295 1374 1365 1440; x_wconf 74' lang='grc' dir='ltr'><em>τοῖς</em></span> <span class='ocrx_word' id='word_1_98' title='bbox 1398 1363 1507 1447; x_wconf 88' lang='grc' dir='ltr'><em>διγίοις</em></span> <span class='ocrx_word' id='word_1_99' title='bbox 1542 1368 1582 1430; x_wconf 85' lang='grc' dir='ltr'><em>τά</em></span> 
     </span>
     <span class='ocr_line' id='line_1_12' title="bbox 181 1459 1582 1550; baseline 0.001 -24"><span class='ocrx_word' id='word_1_100' title='bbox 181 1541 185 1550; x_wconf 16' lang='lat' dir='ltr'>x</span> <span class='ocrx_word' id='word_1_101' title='bbox 278 1468 443 1547; x_wconf 82' lang='grc' dir='ltr'><em>αίσχιστα·</em></span> <span class='ocrx_word' id='word_1_102' title='bbox 511 1460 605 1546; x_wconf 78' lang='grc' dir='ltr'><em>ἡμῶν</em></span> <span class='ocrx_word' id='word_1_103' title='bbox 627 1463 690 1547; x_wconf 87' lang='grc' dir='ltr'><em>γάρ</em></span> <span class='ocrx_word' id='word_1_104' title='bbox 714 1461 914 1546; x_wconf 85' lang='grc' dir='ltr'><em>ἀναίμακτος</em></span> <span class='ocrx_word' id='word_1_105' title='bbox 980 1459 1149 1544; x_wconf 87' lang='grc' dir='ltr'><em>πάναγνός</em></span> <span class='ocrx_word' id='word_1_106' title='bbox 1171 1485 1206 1526; x_wconf 89' lang='grc' dir='ltr'><em>τε</em></span> <span class='ocrx_word' id='word_1_107' title='bbox 1228 1459 1283 1525; x_wconf 81' lang='grc' dir='ltr'><em>καὶ</em></span> <span class='ocrx_word' id='word_1_108' title='bbox 1306 1463 1408 1538; x_wconf 88' lang='grc' dir='ltr'><em>άυλος</em></span> <span class='ocrx_word' id='word_1_109' title='bbox 1475 1462 1582 1546; x_wconf 75' lang='grc' dir='ltr'><em>ἡδυ-</em></span> 
     </span>
     <span class='ocr_line' id='line_1_13' title="bbox 278 1554 1582 1646; baseline 0 -22"><span class='ocrx_word' id='word_1_110' title='bbox 278 1562 333 1624; x_wconf 89' lang='grc' dir='ltr'><em>σία</em></span> <span class='ocrx_word' id='word_1_111' title='bbox 356 1557 569 1644; x_wconf 74' lang='grc' dir='ltr'><em>καθέστηκεν.</em></span> <span class='ocrx_word' id='word_1_112' title='bbox 625 1561 681 1625; x_wconf 88' lang='grc' dir='ltr'><em>διά</em></span> <span class='ocrx_word' id='word_1_113' title='bbox 694 1569 794 1624; x_wconf 86' lang='grc' dir='ltr'><em>τοῦτο</em></span> <span class='ocrx_word' id='word_1_114' title='bbox 808 1558 974 1642; x_wconf 83' lang='grc' dir='ltr'><em>Δέσποτα,</em></span> <span class='ocrx_word' id='word_1_115' title='bbox 995 1554 1057 1623; x_wconf 74' lang='grc' dir='ltr'><em>Θεδ</em></span> <span class='ocrx_word' id='word_1_116' title='bbox 1079 1559 1315 1644; x_wconf 78' lang='grc' dir='ltr'><em>παντοκράτωρ</em></span> <span class='ocrx_word' id='word_1_117' title='bbox 1336 1557 1391 1624; x_wconf 82' lang='grc' dir='ltr'><em>καί</em></span> <span class='ocrx_word' id='word_1_118' title='bbox 1410 1561 1503 1646; x_wconf 86' lang='grc' dir='ltr'><em>κύριε</em></span> <span class='ocrx_word' id='word_1_119' title='bbox 1521 1570 1582 1624; x_wconf 88' lang='grc' dir='ltr'><em>τοῦ</em></span> 
     </span>
     <span class='ocr_line' id='line_1_14' title="bbox 278 1655 1582 1743; baseline 0.002 -22"><span class='ocrx_word' id='word_1_120' title='bbox 278 1656 401 1740; x_wconf 80' lang='grc' dir='ltr'><em>ἐλέους,</em></span> <span class='ocrx_word' id='word_1_121' title='bbox 416 1657 554 1741; x_wconf 51' lang='grc' dir='ltr'><em>(φεῖσαά</em></span> <span class='ocrx_word' id='word_1_122' title='bbox 574 1669 641 1722; x_wconf 90' lang='grc' dir='ltr'><em>τῶν</em></span> <span class='ocrx_word' id='word_1_123' title='bbox 659 1655 950 1741; x_wconf 85' lang='grc' dir='ltr'><em>τεταπεινωμένων</em></span> <span class='ocrx_word' id='word_1_124' title='bbox 969 1655 1035 1722; x_wconf 50' lang='grc' dir='ltr'><em>(καὶ</em></span> <span class='ocrx_word' id='word_1_125' title='bbox 1053 1657 1097 1742; x_wconf 78' lang='grc' dir='ltr'><em>μὴ</em></span> <span class='ocrx_word' id='word_1_126' title='bbox 1116 1658 1183 1743; x_wconf 88' lang='grc' dir='ltr'><em>δῷς</em></span> <span class='ocrx_word' id='word_1_127' title='bbox 1202 1658 1249 1733; x_wconf 86' lang='grc' dir='ltr'><em>είς</em></span> <span class='ocrx_word' id='word_1_128' title='bbox 1271 1658 1400 1733; x_wconf 81' lang='grc' dir='ltr'><em>ὄνειδος</em></span> <span class='ocrx_word' id='word_1_129' title='bbox 1421 1659 1484 1742; x_wconf 78' lang='grc' dir='ltr'><em>τὴν</em></span> <span class='ocrx_word' id='word_1_130' title='bbox 1505 1664 1582 1741; x_wconf 88' lang='grc' dir='ltr'><em>κλη-</em></span> 
     </span>
     <span class='ocr_line' id='line_1_15' title="bbox 278 1753 1582 1841; baseline 0.001 -22"><span class='ocrx_word' id='word_1_131' title='bbox 278 1757 440 1839; x_wconf 93' lang='grc' dir='ltr'><em>ρονομίαν</em></span> <span class='ocrx_word' id='word_1_132' title='bbox 463 1772 525 1820; x_wconf 92' lang='grc' dir='ltr'><em>σου</em></span> <span class='ocrx_word' id='word_1_133' title='bbox 549 1765 608 1820; x_wconf 85' lang='grc' dir='ltr'><em>τοῦ</em></span> <span class='ocrx_word' id='word_1_134' title='bbox 632 1753 787 1841; x_wconf 81' lang='grc' dir='ltr'><em>κατάρξαι</em></span> <span class='ocrx_word' id='word_1_135' title='bbox 811 1754 905 1839; x_wconf 80' lang='grc' dir='ltr'><em>ἡμῶν</em></span> <span class='ocrx_word' id='word_1_136' title='bbox 928 1756 1033 1838; x_wconf 67' lang='grc' dir='ltr'><em>ἔθνη.</em></span> <span class='ocrx_word' id='word_1_137' title='bbox 1057 1756 1132 1819; x_wconf 85' lang='grc' dir='ltr'><em>ίδοὺ</em></span> <span class='ocrx_word' id='word_1_138' title='bbox 1156 1757 1219 1841; x_wconf 88' lang='grc' dir='ltr'><em>γάρ</em></span> <span class='ocrx_word' id='word_1_139' title='bbox 1242 1756 1442 1840; x_wconf 79' lang='grc' dir='ltr'><em>τετήγμεδα,</em></span> <span class='ocrx_word' id='word_1_140' title='bbox 1499 1756 1582 1820; x_wconf 62' lang='grc' dir='ltr'><em>εδια-</em></span> 
     </span>
     <span class='ocr_line' id='line_1_16' title="bbox 243 1850 1583 1939; baseline 0.001 -20"><span class='ocrx_word' id='word_1_141' title='bbox 243 1879 268 1919; x_wconf 84' lang='lat'><em>15</em></span> <span class='ocrx_word' id='word_1_142' title='bbox 277 1853 541 1937; x_wconf 65' lang='grc' dir='ltr'><em>πεφωνήκαμεά,</em></span> <span class='ocrx_word' id='word_1_143' title='bbox 591 1850 899 1939; x_wconf 50' lang='grc' dir='ltr'><em>(τεταλαιπωρηκεά</em></span> <span class='ocrx_word' id='word_1_144' title='bbox 923 1851 941 1917; x_wconf 87' lang='grc' dir='ltr'><em>δ</em></span> <span class='ocrx_word' id='word_1_145' title='bbox 965 1857 1051 1930; x_wconf 90' lang='grc' dir='ltr'><em>λαός.</em></span> <span class='ocrx_word' id='word_1_146' title='bbox 1075 1853 1137 1918; x_wconf 87' lang='grc' dir='ltr'><em>οὐκ</em></span> <span class='ocrx_word' id='word_1_147' title='bbox 1160 1855 1251 1918; x_wconf 83' lang='grc' dir='ltr'><em>ἔστιν</em></span> <span class='ocrx_word' id='word_1_148' title='bbox 1274 1851 1385 1929; x_wconf 82' lang='grc' dir='ltr'><em>οὐδεὶς</em></span> <span class='ocrx_word' id='word_1_149' title='bbox 1408 1852 1426 1918; x_wconf 90' lang='grc' dir='ltr'><em>δ</em></span> <span class='ocrx_word' id='word_1_150' title='bbox 1450 1854 1583 1938; x_wconf 62' lang='grc' dir='ltr'><em>λόγους</em></span> 
     </span>
     <span class='ocr_line' id='line_1_17' title="bbox 277 1945 1581 2037; baseline 0.002 -23"><span class='ocrx_word' id='word_1_151' title='bbox 277 1951 481 2035; x_wconf 57' lang='grc' dir='ltr'><em>φρονήσεως</em></span> <span class='ocrx_word' id='word_1_152' title='bbox 506 1949 657 2034; x_wconf 80' lang='grc' dir='ltr'><em>ἐκζητῶν,</em></span> <span class='ocrx_word' id='word_1_153' title='bbox 680 1949 698 2015; x_wconf 90' lang='grc' dir='ltr'><em>δ</em></span> <span class='ocrx_word' id='word_1_154' title='bbox 723 1951 892 2034; x_wconf 50' lang='grc' dir='ltr'><em>(συνάγων</em></span> <span class='ocrx_word' id='word_1_155' title='bbox 910 1952 950 2015; x_wconf 86' lang='grc' dir='ltr'><em>τά</em></span> <span class='ocrx_word' id='word_1_156' title='bbox 968 1948 1202 2037; x_wconf 86' lang='grc' dir='ltr'><em>διεσπαρμένα’</em></span> <span class='ocrx_word' id='word_1_157' title='bbox 1227 1952 1274 2027; x_wconf 89' lang='grc' dir='ltr'><em>είς</em></span> <span class='ocrx_word' id='word_1_158' title='bbox 1295 1949 1342 2015; x_wconf 82' lang='grc' dir='ltr'><em>έν.</em></span> <span class='ocrx_word' id='word_1_159' title='bbox 1391 1945 1581 2036; x_wconf 77' lang='grc' dir='ltr'><em>πρόσχεςῶ</em></span> 
     </span>
     <span class='ocr_line' id='line_1_18' title="bbox 277 2046 1581 2136; baseline 0.003 -25"><span class='ocrx_word' id='word_1_160' title='bbox 277 2049 393 2132; x_wconf 85' lang='grc' dir='ltr'><em>Κύριε,</em></span> <span class='ocrx_word' id='word_1_161' title='bbox 462 2049 568 2135; x_wconf 86' lang='grc' dir='ltr'><em>Κύριε</em></span> <span class='ocrx_word' id='word_1_162' title='bbox 590 2050 634 2134; x_wconf 79' lang='grc' dir='ltr'><em>μὴ</em></span> <span class='ocrx_word' id='word_1_163' title='bbox 657 2050 800 2135; x_wconf 87' lang='grc' dir='ltr'><em>παρίδης</em></span> <span class='ocrx_word' id='word_1_164' title='bbox 823 2050 870 2126; x_wconf 88' lang='grc' dir='ltr'><em>είς</em></span> <span class='ocrx_word' id='word_1_165' title='bbox 897 2046 991 2125; x_wconf 88' lang='grc' dir='ltr'><em>τέλος</em></span> <span class='ocrx_word' id='word_1_166' title='bbox 1018 2047 1116 2134; x_wconf 82' lang='grc' dir='ltr'><em>ἡμᾶς,</em></span> <span class='ocrx_word' id='word_1_167' title='bbox 1145 2046 1218 2113; x_wconf 85' lang='grc' dir='ltr'><em>ἀλλ’</em></span> <span class='ocrx_word' id='word_1_168' title='bbox 1252 2047 1468 2136; x_wconf 84' lang='grc' dir='ltr'><em>εὐσπλάγχνῷ</em></span> <span class='ocrx_word' id='word_1_169' title='bbox 1496 2049 1581 2135; x_wconf 74' lang='grc' dir='ltr'><em>ῥοπῇ</em></span> 
     </span>
     <span class='ocr_line' id='line_1_19' title="bbox 276 2143 1582 2233; baseline 0.002 -24"><span class='ocrx_word' id='word_1_170' title='bbox 276 2147 521 2230; x_wconf 85' lang='grc' dir='ltr'><em>μετασκεύασον</em></span> <span class='ocrx_word' id='word_1_171' title='bbox 551 2145 645 2231; x_wconf 74' lang='grc' dir='ltr'><em>ἡμῶν</em></span> <span class='ocrx_word' id='word_1_172' title='bbox 675 2146 737 2228; x_wconf 77' lang='grc' dir='ltr'><em>τὴν</em></span> <span class='ocrx_word' id='word_1_173' title='bbox 766 2149 860 2231; x_wconf 72' lang='grc' dir='ltr'><em>ζωόν,</em></span> <span class='ocrx_word' id='word_1_174' title='bbox 883 2148 1020 2233; x_wconf 75' lang='grc' dir='ltr'><em>εἰρήνην</em></span> <span class='ocrx_word' id='word_1_175' title='bbox 1050 2159 1120 2223; x_wconf 85' lang='grc' dir='ltr'><em>τοῖς</em></span> <span class='ocrx_word' id='word_1_176' title='bbox 1146 2148 1276 2232; x_wconf 86' lang='grc' dir='ltr'><em>μακράν</em></span> <span class='ocrx_word' id='word_1_177' title='bbox 1302 2143 1356 2210; x_wconf 84' lang='grc' dir='ltr'><em>καί</em></span> <span class='ocrx_word' id='word_1_178' title='bbox 1386 2157 1457 2223; x_wconf 81' lang='grc' dir='ltr'><em>τοῖς</em></span> <span class='ocrx_word' id='word_1_179' title='bbox 1484 2146 1582 2230; x_wconf 79' lang='grc' dir='ltr'><em>ἐγγὺς</em></span> 
     </span>
     <span class='ocr_line' id='line_1_20' title="bbox 277 2238 1581 2333; baseline 0.001 -26"><span class='ocrx_word' id='word_1_180' title='bbox 277 2246 489 2328; x_wconf 81' lang='grc' dir='ltr'><em>χαριζόμενος</em></span> <span class='ocrx_word' id='word_1_181' title='bbox 539 2244 576 2310; x_wconf 80' lang='grc' dir='ltr'><em>ἐν</em></span> <span class='ocrx_word' id='word_1_182' title='bbox 598 2245 688 2332; x_wconf 86' lang='grc' dir='ltr'><em>αὐτῷ</em></span> <span class='ocrx_word' id='word_1_183' title='bbox 711 2253 756 2332; x_wconf 88' lang='grc' dir='ltr'><em>τῷ</em></span> <span class='ocrx_word' id='word_1_184' title='bbox 781 2251 913 2332; x_wconf 78' lang='grc' dir='ltr'><em>Χριστῷ</em></span> <span class='ocrx_word' id='word_1_185' title='bbox 936 2253 982 2333; x_wconf 88' lang='grc' dir='ltr'><em>τῷ</em></span> <span class='ocrx_word' id='word_1_186' title='bbox 1006 2246 1226 2328; x_wconf 81' lang='grc' dir='ltr'><em>πανελεημονι</em></span> <span class='ocrx_word' id='word_1_187' title='bbox 1252 2247 1334 2330; x_wconf 79' lang='grc' dir='ltr'><em>Θεῷ,</em></span> <span class='ocrx_word' id='word_1_188' title='bbox 1356 2241 1433 2327; x_wconf 77' lang='grc' dir='ltr'><em>μεθ’</em></span> <span class='ocrx_word' id='word_1_189' title='bbox 1464 2238 1505 2310; x_wconf 83' lang='grc' dir='ltr'><em>οὗ</em></span> <span class='ocrx_word' id='word_1_190' title='bbox 1527 2261 1581 2308; x_wconf 93' lang='grc' dir='ltr'><em>σοι</em></span> 
     </span>
     <span class='ocr_line' id='line_1_21' title="bbox 242 2341 1581 2430; baseline -0.001 -22"><span class='ocrx_word' id='word_1_191' title='bbox 242 2370 268 2408; x_wconf 77' lang='grc' dir='ltr'><em>εο</em></span> <span class='ocrx_word' id='word_1_192' title='bbox 278 2350 322 2427; x_wconf 87' lang='grc' dir='ltr'><em>τῷ</em></span> <span class='ocrx_word' id='word_1_193' title='bbox 352 2341 461 2428; x_wconf 82' lang='grc' dir='ltr'><em>Πατρί</em></span> <span class='ocrx_word' id='word_1_194' title='bbox 492 2345 556 2408; x_wconf 86' lang='grc' dir='ltr'><em>σὺν</em></span> <span class='ocrx_word' id='word_1_195' title='bbox 579 2342 663 2430; x_wconf 83' lang='grc' dir='ltr'><em>άγίῷ</em></span> <span class='ocrx_word' id='word_1_196' title='bbox 694 2344 866 2428; x_wconf 85' lang='grc' dir='ltr'><em>Πνεόματι</em></span> <span class='ocrx_word' id='word_1_197' title='bbox 898 2341 978 2420; x_wconf 81' lang='grc' dir='ltr'><em>δόξα</em></span> <span class='ocrx_word' id='word_1_198' title='bbox 1008 2344 1055 2419; x_wconf 89' lang='grc' dir='ltr'><em>είς</em></span> <span class='ocrx_word' id='word_1_199' title='bbox 1085 2345 1163 2418; x_wconf 88' lang='grc' dir='ltr'><em>τοὺς</em></span> <span class='ocrx_word' id='word_1_200' title='bbox 1186 2342 1309 2418; x_wconf 82' lang='grc' dir='ltr'><em>αἰῶνας</em></span> <span class='ocrx_word' id='word_1_201' title='bbox 1342 2351 1411 2407; x_wconf 86' lang='grc' dir='ltr'><em>τῶν</em></span> <span class='ocrx_word' id='word_1_202' title='bbox 1440 2342 1581 2406; x_wconf 74' lang='grc' dir='ltr'><em>αἰώνων.</em></span> 
     </span>
     <span class='ocr_line' id='line_1_22' title="bbox 279 2442 375 2524; baseline 0.01 -21"><span class='ocrx_word' id='word_1_203' title='bbox 279 2442 375 2524; x_wconf 83' lang='grc' dir='ltr'><em>αμήν.</em></span> 
     </span>
    </p>
   </div>
   <div class='ocr_carea' id='block_1_4' title="bbox 173 2632 1581 3028">
    <p class='ocr_par' dir='ltr' id='par_1_4' title="bbox 173 2632 1581 3028">
     <span class='ocr_line' id='line_1_23' title="bbox 321 2632 1579 2705; baseline -0.005 -13"><span class='ocrx_word' id='word_1_204' title='bbox 321 2667 338 2692; x_wconf 68' lang='grc' dir='ltr'><em>ι.</em></span> <span class='ocrx_word' id='word_1_205' title='bbox 368 2640 410 2703; x_wconf 81' lang='grc'><em>28,</em></span> <span class='ocrx_word' id='word_1_206' title='bbox 427 2639 440 2688; x_wconf 93' lang='grc'><strong>1</strong></span> <span class='ocrx_word' id='word_1_207' title='bbox 461 2655 508 2703; x_wconf 92' lang='grc' dir='ltr'><em>μοι</em></span> <span class='ocrx_word' id='word_1_208' title='bbox 525 2638 591 2704; x_wconf 78' lang='lat' dir='ltr'>post</span> <span class='ocrx_word' id='word_1_209' title='bbox 609 2635 672 2690; x_wconf 87' lang='grc' dir='ltr'><em>δότε</em></span> <span class='ocrx_word' id='word_1_210' title='bbox 687 2636 750 2689; x_wconf 84' lang='lat' dir='ltr'>add.</span> <span class='ocrx_word' id='word_1_211' title='bbox 766 2635 791 2687; x_wconf 89' lang='lat' dir='ltr'>A</span> <span class='ocrx_word' id='word_1_212' title='bbox 807 2638 811 2705; x_wconf 84' lang='grc' dir='ltr'>Ι</span> <span class='ocrx_word' id='word_1_213' title='bbox 827 2633 1043 2704; x_wconf 79' lang='grc' dir='ltr'><em>αατεντρυφήσω</em></span> <span class='ocrx_word' id='word_1_214' title='bbox 1057 2633 1082 2686; x_wconf 90' lang='lat' dir='ltr'>A</span> <span class='ocrx_word' id='word_1_215' title='bbox 1098 2635 1102 2704; x_wconf 90' lang='grc' dir='ltr'>Ι</span> <span class='ocrx_word' id='word_1_216' title='bbox 1119 2633 1198 2687; x_wconf 77' lang='grc' dir='ltr'><em>2καί</em></span> <span class='ocrx_word' id='word_1_217' title='bbox 1211 2634 1276 2702; x_wconf 77' lang='lat' dir='ltr'><strong>post</strong></span> <span class='ocrx_word' id='word_1_218' title='bbox 1289 2632 1446 2702; x_wconf 82' lang='grc' dir='ltr'><em>πνεύματος</em></span> <span class='ocrx_word' id='word_1_219' title='bbox 1460 2633 1523 2686; x_wconf 81' lang='lat' dir='ltr'>add.</span> <span class='ocrx_word' id='word_1_220' title='bbox 1538 2634 1579 2705; x_wconf 53' lang='lat' dir='ltr'><em>M!</em></span> 
     </span>
     <span class='ocr_line' id='line_1_24' title="bbox 277 2707 1581 2785; baseline 0 -17"><span class='ocrx_word' id='word_1_221' title='bbox 277 2721 294 2768; x_wconf 85' lang='grc'><strong>4</strong></span> <span class='ocrx_word' id='word_1_222' title='bbox 313 2707 333 2760; x_wconf 74' lang='grc' dir='ltr'><em>ὁὶ</em></span> <span class='ocrx_word' id='word_1_223' title='bbox 339 2710 345 2741; x_wconf 73' lang='lat'><em>³</em></span> <span class='ocrx_word' id='word_1_224' title='bbox 364 2717 429 2784; x_wconf 75' lang='lat' dir='ltr'><strong>post</strong></span> <span class='ocrx_word' id='word_1_225' title='bbox 445 2723 502 2769; x_wconf 87' lang='grc' dir='ltr'><em>τῶν</em></span> <span class='ocrx_word' id='word_1_226' title='bbox 520 2715 635 2770; x_wconf 72' lang='lat' dir='ltr'>xehibet</span> <span class='ocrx_word' id='word_1_227' title='bbox 652 2716 682 2768; x_wconf 90' lang='lat' dir='ltr'><strong>M</strong></span> <span class='ocrx_word' id='word_1_228' title='bbox 702 2718 706 2783; x_wconf 92' lang='grc' dir='ltr'>Ι</span> <span class='ocrx_word' id='word_1_229' title='bbox 723 2719 739 2768; x_wconf 79' lang='grc'>6</span> <span class='ocrx_word' id='word_1_230' title='bbox 758 2723 808 2769; x_wconf 79' lang='grc' dir='ltr'><em>τοῦ</em></span> <span class='ocrx_word' id='word_1_231' title='bbox 827 2717 859 2769; x_wconf 84' lang='grc' dir='ltr'><em>δε</em></span> <span class='ocrx_word' id='word_1_232' title='bbox 878 2713 966 2777; x_wconf 79' lang='grc' dir='ltr'><em>ὅντως</em></span> <span class='ocrx_word' id='word_1_233' title='bbox 984 2715 1012 2766; x_wconf 86' lang='grc' dir='ltr'>Μ</span> <span class='ocrx_word' id='word_1_234' title='bbox 1035 2714 1040 2785; x_wconf 75' lang='grc' dir='ltr'>Ι</span> <span class='ocrx_word' id='word_1_235' title='bbox 1061 2720 1076 2767; x_wconf 85' lang='grc'><strong>6</strong></span> <span class='ocrx_word' id='word_1_236' title='bbox 1095 2713 1113 2782; x_wconf 73' lang='grc' dir='ltr'>ἡ</span> <span class='ocrx_word' id='word_1_237' title='bbox 1132 2731 1185 2767; x_wconf 89' lang='lat' dir='ltr'><em>om.</em></span> <span class='ocrx_word' id='word_1_238' title='bbox 1205 2713 1233 2764; x_wconf 89' lang='lat' dir='ltr'>M</span> <span class='ocrx_word' id='word_1_239' title='bbox 1250 2713 1254 2782; x_wconf 92' lang='grc' dir='ltr'>Ι</span> <span class='ocrx_word' id='word_1_240' title='bbox 1272 2718 1286 2766; x_wconf 79' lang='grc'>7</span> <span class='ocrx_word' id='word_1_241' title='bbox 1306 2713 1475 2785; x_wconf 74' lang='grc' dir='ltr'><em>βάλλε-12</em></span> <span class='ocrx_word' id='word_1_242' title='bbox 1494 2712 1581 2768; x_wconf 77' lang='grc' dir='ltr'><em>καθέ-</em></span> 
     </span>
     <span class='ocr_line' id='line_1_25' title="bbox 278 2793 1580 2865; baseline -0.001 -18"><span class='ocrx_word' id='word_1_243' title='bbox 278 2810 376 2865; x_wconf 82' lang='grc' dir='ltr'><em>στηκεν</em></span> <span class='ocrx_word' id='word_1_244' title='bbox 395 2795 496 2848; x_wconf 77' lang='lat' dir='ltr'>desunt</span> <span class='ocrx_word' id='word_1_245' title='bbox 514 2795 543 2848; x_wconf 90' lang='lat' dir='ltr'><em>in</em></span> <span class='ocrx_word' id='word_1_246' title='bbox 562 2795 591 2848; x_wconf 87' lang='grc' dir='ltr'>Μ</span> <span class='ocrx_word' id='word_1_247' title='bbox 612 2799 615 2864; x_wconf 91' lang='grc' dir='ltr'>Ι</span> <span class='ocrx_word' id='word_1_248' title='bbox 638 2803 671 2848; x_wconf 75' lang='lat'><em>12</em></span> <span class='ocrx_word' id='word_1_249' title='bbox 690 2795 767 2863; x_wconf 80' lang='grc' dir='ltr'><em>κύριε</em></span> <span class='ocrx_word' id='word_1_250' title='bbox 786 2796 834 2849; x_wconf 84' lang='grc' dir='ltr'><em>καὶ</em></span> <span class='ocrx_word' id='word_1_251' title='bbox 852 2793 903 2848; x_wconf 77' lang='grc' dir='ltr'><em>θεὲ</em></span> <span class='ocrx_word' id='word_1_252' title='bbox 922 2795 951 2847; x_wconf 86' lang='lat' dir='ltr'>M</span> <span class='ocrx_word' id='word_1_253' title='bbox 972 2797 976 2863; x_wconf 90' lang='grc' dir='ltr'>Ι</span> <span class='ocrx_word' id='word_1_254' title='bbox 998 2800 1030 2846; x_wconf 84' lang='grc'><em>13</em></span> <span class='ocrx_word' id='word_1_255' title='bbox 1049 2793 1107 2847; x_wconf 89' lang='lat' dir='ltr'>Ioel</span> <span class='ocrx_word' id='word_1_256' title='bbox 1126 2799 1151 2860; x_wconf 77' lang='lat'><em>2,</em></span> <span class='ocrx_word' id='word_1_257' title='bbox 1169 2798 1202 2846; x_wconf 79' lang='lat'><em>17</em></span> <span class='ocrx_word' id='word_1_258' title='bbox 1228 2798 1232 2860; x_wconf 89' lang='grc' dir='ltr'>Ι</span> <span class='ocrx_word' id='word_1_259' title='bbox 1257 2793 1434 2862; x_wconf 84' lang='grc' dir='ltr'><em>παραδῶςΑ</em></span> <span class='ocrx_word' id='word_1_260' title='bbox 1458 2798 1462 2860; x_wconf 84' lang='grc' dir='ltr'>Ι</span> <span class='ocrx_word' id='word_1_261' title='bbox 1487 2803 1514 2847; x_wconf 85' lang='grc' dir='ltr'><em>εῑ</em></span> <span class='ocrx_word' id='word_1_262' title='bbox 1531 2793 1560 2846; x_wconf 87' lang='grc' dir='ltr'>Μ</span> <span class='ocrx_word' id='word_1_263' title='bbox 1576 2794 1580 2863; x_wconf 83' lang='grc' dir='ltr'>Ι</span> 
     </span>
     <span class='ocr_line' id='line_1_26' title="bbox 173 2871 1580 2945; baseline -0.003 -16"><span class='ocrx_word' id='word_1_264' title='bbox 173 2887 176 2898; x_wconf 65' lang='lat'><strong>¹</strong></span> <span class='ocrx_word' id='word_1_265' title='bbox 279 2882 312 2929; x_wconf 79' lang='lat'><em>14</em></span> <span class='ocrx_word' id='word_1_266' title='bbox 331 2873 517 2944; x_wconf 75' lang='grc' dir='ltr'><em>ἐκτετήγμεθα</em></span> <span class='ocrx_word' id='word_1_267' title='bbox 534 2875 572 2943; x_wconf 89' lang='grc' dir='ltr'><em>Μ,</em></span> <span class='ocrx_word' id='word_1_268' title='bbox 592 2875 641 2944; x_wconf 90' lang='lat' dir='ltr'><em>qui</em></span> <span class='ocrx_word' id='word_1_269' title='bbox 658 2875 725 2929; x_wconf 82' lang='lat' dir='ltr'>inde</span> <span class='ocrx_word' id='word_1_270' title='bbox 744 2893 761 2928; x_wconf 83' lang='lat' dir='ltr'>a</span> <span class='ocrx_word' id='word_1_271' title='bbox 780 2893 805 2929; x_wconf 88' lang='lat' dir='ltr'><em>v.</em></span> <span class='ocrx_word' id='word_1_272' title='bbox 825 2874 954 2943; x_wconf 76' lang='lat' dir='ltr'><strong>sequenti</strong></span> <span class='ocrx_word' id='word_1_273' title='bbox 973 2891 1023 2928; x_wconf 75' lang='lat' dir='ltr'><em>nos</em></span> <span class='ocrx_word' id='word_1_274' title='bbox 1043 2873 1138 2927; x_wconf 73' lang='lat' dir='ltr'>deficit</span> <span class='ocrx_word' id='word_1_275' title='bbox 1157 2875 1161 2941; x_wconf 84' lang='grc' dir='ltr'>Ι</span> <span class='ocrx_word' id='word_1_276' title='bbox 1182 2871 1216 2926; x_wconf 87' lang='lat' dir='ltr'><em>cf.</em></span> <span class='ocrx_word' id='word_1_277' title='bbox 1237 2873 1336 2927; x_wconf 80' lang='lat' dir='ltr'>Ezech.</span> <span class='ocrx_word' id='word_1_278' title='bbox 1356 2878 1399 2939; x_wconf 78' lang='lat'><em>37,</em></span> <span class='ocrx_word' id='word_1_279' title='bbox 1411 2878 1442 2926; x_wconf 91' lang='lat'><em>11</em></span> <span class='ocrx_word' id='word_1_280' title='bbox 1466 2874 1470 2945; x_wconf 91' lang='grc' dir='ltr'>Ι</span> <span class='ocrx_word' id='word_1_281' title='bbox 1494 2879 1527 2928; x_wconf 81' lang='lat'><em>15</em></span> <span class='ocrx_word' id='word_1_282' title='bbox 1546 2872 1580 2926; x_wconf 89' lang='lat' dir='ltr'><em>cf.</em></span> 
     </span>
     <span class='ocr_line' id='line_1_27' title="bbox 277 2949 1580 3028; baseline -0.001 -21"><span class='ocrx_word' id='word_1_283' title='bbox 277 2955 372 3009; x_wconf 82' lang='lat' dir='ltr'><strong>Ierem.</strong></span> <span class='ocrx_word' id='word_1_284' title='bbox 387 2961 412 3023; x_wconf 85' lang='grc'><em>4,</em></span> <span class='ocrx_word' id='word_1_285' title='bbox 423 2961 456 3008; x_wconf 80' lang='lat'><em>20</em></span> <span class='ocrx_word' id='word_1_286' title='bbox 473 2955 477 3028; x_wconf 90' lang='grc' dir='ltr'>Ι</span> <span class='ocrx_word' id='word_1_287' title='bbox 493 2955 527 3010; x_wconf 85' lang='lat' dir='ltr'><em>cf.</em></span> <span class='ocrx_word' id='word_1_288' title='bbox 542 2973 582 3025; x_wconf 89' lang='lat' dir='ltr'><em>pr.</em></span> <span class='ocrx_word' id='word_1_289' title='bbox 594 2955 696 3010; x_wconf 80' lang='lat' dir='ltr'><strong>Salem.</strong></span> <span class='ocrx_word' id='word_1_290' title='bbox 711 2961 761 3023; x_wconf 79' lang='lat'><em>1,2</em></span> <span class='ocrx_word' id='word_1_291' title='bbox 777 2973 800 3008; x_wconf 92' lang='lat' dir='ltr'><em>v.</em></span> <span class='ocrx_word' id='word_1_292' title='bbox 809 2955 846 3009; x_wconf 90' lang='lat' dir='ltr'><em>ib.</em></span> <span class='ocrx_word' id='word_1_293' title='bbox 858 2961 883 3022; x_wconf 88' lang='grc'><em>9,</em></span> <span class='ocrx_word' id='word_1_294' title='bbox 894 2960 910 3008; x_wconf 92' lang='grc'><strong>6</strong></span> <span class='ocrx_word' id='word_1_295' title='bbox 923 2954 1022 3024; x_wconf 81' lang='lat' dir='ltr'><strong>psalm.</strong></span> <span class='ocrx_word' id='word_1_296' title='bbox 1035 2957 1163 3025; x_wconf 76' lang='lat'>141(2),5</span> <span class='ocrx_word' id='word_1_297' title='bbox 1180 2955 1184 3024; x_wconf 92' lang='grc' dir='ltr'>Ι</span> <span class='ocrx_word' id='word_1_298' title='bbox 1200 2949 1314 3023; x_wconf 87' lang='grc' dir='ltr'><em>λόγοςΑ</em></span> <span class='ocrx_word' id='word_1_299' title='bbox 1331 2955 1335 3023; x_wconf 81' lang='grc' dir='ltr'>Ι</span> <span class='ocrx_word' id='word_1_300' title='bbox 1353 2959 1385 3007; x_wconf 92' lang='grc'><em>16</em></span> <span class='ocrx_word' id='word_1_301' title='bbox 1400 2953 1434 3008; x_wconf 87' lang='lat' dir='ltr'><em>cf.</em></span> <span class='ocrx_word' id='word_1_302' title='bbox 1450 2954 1580 3021; x_wconf 81' lang='lat' dir='ltr'><strong>Ies.56‚8</strong></span> 
     </span>
    </p>
   </div>
   <div class='ocr_carea' id='block_1_5' title="bbox 0 0 1780 5317">
    <p class='ocr_par' dir='ltr' id='par_1_5' title="bbox 0 0 1780 5317">
     <span class='ocr_line' id='line_1_28' title="bbox 0 0 1780 5317; baseline 0 0"><span class='ocrx_word' id='word_1_303' title='bbox 0 0 1780 5317; x_wconf 95' lang='lat' dir='ltr'><em> </em></span> 
     </span>
    </p>
   </div>
  </div>
 </body>
</html>
