3550 5317
266 289 310 351 30
845 287 936 356 Caput
951 288 985 342 Il.

267 451 433 535 120,103:
456 462 560 535 κοιμῶ
585 447 691 536 (κυμυ
715 449 801 537 pap.)
825 447 864 515 dt
887 449 940 515 ἐπὶ
963 453 1089 536 θρυΐνῃ
1112 450 1268 538 ψιάθῳῑ).
1307 450 1430 527 Quibus
1449 451 1574 515 duobus

270 549 350 613 locis
373 548 509 631 exprimi
537 547 664 612 videtur
690 570 757 613 non
787 549 822 612 in
850 547 948 631 lecto,
978 547 1034 612 sed
1066 548 1100 610 in
1131 546 1214 611 solo
1245 548 1466 613 dormiendum
1497 572 1572 617 esse„

267 646 357 710 Idem
385 646 467 710 ritus
495 646 599 731 magis
626 646 793 729 perspicue
821 646 985 709 invenitur
1011 643 1131 709 Abrax.
1157 645 1353 730 171,14sq.:
1382 646 1506 712 ὁπόταν
1536 644 1574 711 δὲ

266 742 401 827 γένηται
432 743 469 808 ἐν
501 753 582 831 κριῷ
617 742 672 830 (sc.
701 742 721 826 ἡ
752 741 903 830 σελήνη),
935 745 1137 828 χαμαικοίτει
1169 744 1234 829 πρὸ
1267 756 1344 828 μιᾶς
1376 750 1480 809 εἴκοσι
1509 752 1573 809 θυ-

267 840 385 917 σιάσας
412 846 479 906 κτλ.
510 841 548 904 cf.
569 841 610 904 ib.
632 840 705 924 180,
719 839 827 925 5sqq.:
855 842 1085 927 προαγνεύσας
1117 836 1194 925 οὖν,
1228 841 1272 918 ὡς
1301 852 1476 928 προεῖπον,
1508 843 1572 928 πρὸ

269 936 348 1004 ἑπτὰ
371 938 503 1023 ἡμερῶν
527 940 665 1022 σελήνης
696 939 873 1022 λειπούσης
902 940 984 1003 κατὰ
1012 939 1073 1021 τὴν
1101 940 1247 1003 σύνοδον
1269 950 1492 1024 χαμαικοιτῶν
1520 938 1573 1004 ἐπὶ

267 1037 397 1112 ψιάθου
425 1039 578 1120 θρυΐνης.
624 1034 840 1100 Adnectamus
872 1035 976 1100 Wess.
1004 1034 1095 1101 Neue
1129 1034 1182 1100 Gr.
1210 1036 1271 1100 ZP.
1299 1037 1352 1121 47,
1367 1037 1506 1121 813sqq.
1529 1068 1571 1089 =

265 1133 606 1218 Ken.108,747sqq.:
630 1132 704 1211 θείς
725 1133 791 1199 ὑπὸ
814 1135 851 1198 τὸ
875 1131 1176 1221 προσκεφάλαιονί)
1199 1135 1236 1199 τὸ
1259 1132 1444 1221 π[τ]υχιν3)
1468 1146 1572 1218 κοιμῶ

267 1229 384 1316 μηδενί
409 1233 490 1309 δοὺς
513 1230 690 1317 ἀπόκρισιν
713 1230 907 1315 ἁγ[ν]εύσας
933 1230 1056 1317 ἡμέρας
1079 1233 1115 1315 ᾦ,
1139 1231 1285 1295 versibus
1312 1232 1573 1296 antecedentibus

266 1329 383 1413 810sq.
399 1360 441 1382 =
459 1328 574 1413 744sq.
598 1329 773 1394 adorantur
796 1330 831 1393 ολ
851 1330 962 1413 κύριοι
980 1331 1070 1393 θεοι’;
1093 1328 1315 1414 χρηματίσατέ
1335 1355 1391 1414 μοι
1414 1328 1490 1415 περὶ
1513 1339 1573 1395 τοῦ

266 1424 376 1515 Δ(ε
392 1424 500 1514 δεῖνα)
524 1427 714 1511 πράγματος
737 1427 839 1512 ταύτῃ
862 1436 903 1513 τῇ
926 1429 1036 1505 νυκτί,
1059 1449 1123 1511 quo
1147 1449 1186 1491 ex
1208 1427 1279 1491 loco
1303 1448 1475 1512 agnoscere
1498 1427 1573 1493 licet

267 1530 458 1588 nocturnam
483 1524 660 1607 exspectari
684 1523 849 1607 visionem,
874 1546 937 1608 qua
960 1524 978 1589 ὁ
1002 1525 1095 1589 δεῖνα
1119 1525 1271 1589 derebus
1295 1526 1486 1610 quibusdam
1509 1548 1573 1590 cer-

268 1623 332 1685 tior
355 1622 424 1686 vult
447 1622 526 1686 fieri.
572 1621 694 1685 Tamen
717 1622 866 1687 omnibus
894 1620 973 1685 locis
1000 1621 1105 1686 adhuc
1128 1623 1303 1706 perspectis
1331 1622 1419 1689 deest
1443 1625 1573 1708 quaevis

269 1720 467 1783 somniorum
490 1720 760 1784 commemoratio.

356 1815 568 1901 Aliquantum
579 1817 774 1901 proficimus,
784 1838 857 1881 cum
872 1817 913 1880 ad
923 1816 1053 1880 illorum
1067 1821 1311 1901 praeceptorum
1327 1819 1441 1882 seriem
1455 1818 1572 1882 accedi-

264 1937 344 1997 mus,
355 1936 436 1999 quae
451 1914 692 1998 inscriptionem
703 1914 856 1979 exhibent
866 1912 1155 2000 ‘'Ovsrpurrqrdv',
1171 1915 1256 1999 quod
1269 1916 1492 1980 abbreviatum
1507 1938 1571 1979 sae-

264 2012 337 2095 pius
351 2012 471 2096 legitur
490 2013 524 2076 in
541 2013 673 2096 papyris
691 2012 753 2076 hoc
771 2011 879 2076 modo:
896 2011 1277 2096 ονειρί.’ονειραιτητόν
1291 2013 1393 2097 docet,
1412 2014 1572 2098 quomodo

266 2110 372 2191 possis
396 2112 501 2175 αἰτεῖν
517 2112 667 2194 ὄνειρον,
691 2110 721 2174 h.
741 2132 766 2174 e.
791 2109 869 2194 quid
892 2110 953 2173 tibi
976 2109 1156 2173 faciendum
1181 2110 1236 2193 sit,
1263 2115 1301 2174 ut
1328 2134 1385 2194 per
1413 2114 1572 2176 somnium

266 2206 341 2271 deos
365 2207 416 2271 vel
440 2207 609 2271 daemones
634 2208 788 2292 quosdam
811 2206 1000 2294 consulas4).
1037 2205 1105 2272 lam
1124 2209 1307 2273 memineris
1326 2210 1572 2274 incubationem.

267 2303 358 2368 Sicut
381 2305 414 2367 in
438 2305 569 2389 templis
598 2306 729 2369 deorum
757 2305 904 2370 homines
931 2306 1048 2370 ritibus
1077 2306 1198 2370 effectis
1225 2307 1265 2370 ad
1293 2307 1515 2371 dormiendum
1539 2330 1572 2371 se

264 2403 520 2488 prosternebant,
544 2407 581 2468 ut
605 2404 736 2488 aliquod
754 2404 915 2468 somnium
934 2405 1123 2487 acciperent,
1147 2404 1279 2468 eandem
1298 2405 1340 2468 ob
1359 2427 1487 2469 causam
1506 2427 1572 2470 cae-

265 2500 420 2575 rimoniae
444 2501 706 2584 praescribuntur
729 2503 883 2587 magicae:
908 2502 1025 2565 mirum
1049 2505 1140 2586 esset,
1165 2502 1192 2565 si
1216 2501 1364 2566 deficeret
1392 2524 1573 2567 consensus.

353 2597 457 2662 Wess
476 2598 568 2664 Neue
589 2598 642 2663 Gr.
662 2596 722 2663 ZP.
741 2599 793 2682 49,
809 2599 873 2663 862
889 2631 932 2651 =
947 2599 1027 2663 Ken.
1048 2599 1121 2682 109,
1138 2598 1201 2663 795
1225 2600 1358 2683 praebet
1376 2601 1471 2665 nobis
1490 2600 1572 2666 ὀνει-

263 2699 419 2781 ραιτητόν
453 2697 614 2780 quoddam
641 2696 845 2781 Pythagorae
874 2718 911 2760 ac
938 2696 1123 2760 Democrito
1153 2695 1393 2785 adscriptum5),
1425 2699 1511 2782 quod
1539 2699 1573 2761 in

267 2796 407 2857 mentem
430 2794 525 2858 nobis
548 2815 697 2859 revocare
720 2798 835 2879 potest,
859 2817 940 2878 quae
964 2816 1062 2878 supra
1080 2790 1125 2878 (p.
1147 2792 1202 2880 16)
1227 2795 1265 2858 de
1283 2794 1497 2881 Pythagoreis
1520 2795 1573 2859 ad-

264 2892 456 2975 notavimus,
480 2914 617 2976 quorum
640 2892 769 2957 vivendi
792 2894 874 2957 ratio
898 2914 971 2957 eum
995 2892 1210 2956 incubationis
1233 2893 1350 2956 ritibus
1374 2893 1573 2956 multimodis

264 2989 412 3053 concinit.
465 2987 613 3053 Alterum
644 2990 759 3053 Besam
789 2993 953 3054 auctorem
984 2988 1152 3076 indicat⁶),
1183 3013 1277 3074 quem
1310 2991 1444 3055 eundem
1477 2995 1573 3074 atque

264 3084 391 3148 Horum
415 3107 483 3150 esse
507 3084 743 3171 Aegyptiacum
767 3088 956 3171 Kenyonius
979 3086 1158 3173 adnotat⁷);
1182 3089 1293 3152 eodem
1320 3090 1354 3151 in
1377 3090 1572 3154 oneiraeteto

352 3308 378 3376 1)
398 3305 501 3361 Wess.:
516 3310 635 3376 θρυεινη
651 3310 775 3375 ψιαιθου
789 3323 854 3376 pap.
873 3306 996 3377 θρνίνης
1013 3305 1126 3377 ψιάθου
1144 3307 1213 3362 Ken.
1228 3309 1347 3376 θρύϊνος
1367 3309 1429 3363 ‘aus
1448 3308 1573 3377 Binsen',

264 3385 299 3439 de
318 3402 373 3453 quo
393 3404 445 3439 usu
464 3405 488 3441 v.
507 3386 651 3441 Dieterich
670 3387 773 3442 Abrax.
795 3392 845 3441 158
855 3388 886 3440 A.

355 3468 382 3535 2)
401 3466 504 3522 Wess.:
524 3467 681 3539 antarpot]
697 3483 761 3535 pap.

352 3549 378 3616 3)
399 3546 444 3600 Sic
467 3547 536 3602 Ken.
559 3546 637 3600 nullo
657 3547 755 3601 addito
774 3548 867 3602 verbo.
905 3548 950 3603 W.
970 3548 1086 3619 legebat
1102 3551 1260 3622 apoueputs
1264 3592 1340 3605 .....
1360 3570 1437 3620 νχιν,
1455 3546 1573 3620 πτυχίον

262 3625 394 3681 videlicet
417 3628 612 3697 corrigendum
636 3644 651 3681 e
674 3646 715 3680 vv.
736 3632 795 3682 740.
817 3634 866 3682 741
886 3628 929 3697 K,
957 3629 1007 3683 ubi
1025 3646 1076 3697 pro
1103 3629 1221 3700 πτυχίον
1243 3633 1367 3684 τετνλιον
1389 3630 1460 3697 legit
1482 3629 1571 3682 Wess.

263 3702 333 3769 (eoa.
354 3710 426 3777 sor.)

350 3790 376 3857 4)
397 3786 588 3858 ὀνειραιιητόν
612 3789 687 3843 inter
713 3788 770 3841 alia
788 3791 943 3857 praecepte
967 3789 1078 3859 magica
1102 3791 1177 3858 (poet
1201 3787 1403 3857 ὀνειροπομπσί)
1429 3786 1572 3841 Dieterioh

262 3866 365 3920 Abrax.
391 3873 450 3935 193,
467 3870 534 3941 llll.
573 3869 607 3923 cf.
632 3870 721 3923 Wess.
746 3868 791 3923 Gr.
816 3869 866 3924 ZP.
893 3874 939 3936 73,
959 3875 1042 3923 2076:
1076 3867 1137 3939 ἄγει
1156 3866 1188 3922 δὲ
1206 3869 1255 3921 καί
1273 3865 1415 3922 καταλίνει
1432 3869 1482 3921 καί
1501 3867 1573 3922 ὀνει-
1632 3870 1641 3884 ”

262 3956 402 4014 ροπομπεῑ
424 3948 473 4001 καί
500 3947 609 4019 κατέχει
635 3950 684 4004 καί
710 3949 946 4019 ὀνειραιτητεῖ
975 3953 1022 4019 (sc.
1054 3949 1069 4002 ὁ
1095 3943 1305 4016 νεκυοὸαίμων).
1347 3947 1438 4001 Wess.
1464 3946 1502 4002 ib.
1529 3954 1572 4014 81,

262 4031 331 4079 2441
344 4043 418 4094 sqq:
457 4029 539 4097 σκευὴ
570 4029 743 4098 intestatos
771 4033 957 4100 σεληνιακοῦ.
981 4074 986 4083 .
1008 4025 1186 4084 ,κατακλίνει
1218 4025 1354 4095 γενναίως
1385 4028 1435 4081 καί
1463 4027 1575 4095 ἀναιρεῖ

265 4106 390 4176 ἰσχυρῶς,
406 4106 607 4177 ὀνειροπομπεῖ
623 4106 779 4177 καλλίστας,
800 4110 1037 4179 ὀνειραιτητεῑ
1053 4111 1224 4175 θαυμαστῶς
1241 4110 1297 4161 κτλ.
1318 4106 1355 4162 ib.
1367 4113 1487 4176 83,2501
1499 4125 1573 4175 sqq.:

263 4185 308 4239 ἐπί
327 4184 359 4239 δὲ
379 4185 620 4257 ὀνειραιτητοῦ
639 4185 710 4259 λέγε
739 4187 939 4259 παραστάθητί
957 4207 1004 4258 μοι
1022 4183 1106 4255 κυρία
1124 4187 1173 4241 καί
1191 4184 1361 4257 χρημάτισόν
1380 4207 1427 4256 μοι
1442 4189 1505 4256 περὶ
1523 4196 1572 4241 τοῦ

263 4252 330 4334 Alli,
349 4267 398 4320 καί
415 4265 665 4335 παρασταθήσεταί
686 4286 729 4323 σοι
748 4270 796 4323 καί
815 4268 928 4323 ἅπαντα
947 4268 1004 4337 ἐρεῖ
1020 4269 1159 4337 duratos.

354 4350 381 4417 5)
401 4346 593 4417 ὀνειραιτητὸν
617 4347 792 4419 Πυθαγόρου
822 4350 901 4421 [καὶ]
923 4345 1113 4418 Δημοκρίτου,
1141 4347 1259 4419 genitivi
1283 4348 1426 4401 nominum
1450 4347 1489 4400 sic
1508 4361 1572 4398 con-

261 4426 397 4497 iungendi
426 4444 490 4481 oum
515 4427 695 4482 antecedenti
726 4429 767 4483 ὀν.
793 4445 885 4497 neque
916 4444 980 4481 vero
1004 4445 1067 4482 cum
1091 4428 1220 4497 sequenti
1246 4425 1461 4497 “ὀνειριίμαντες’
1487 4423 1570 4494 (quod

264 4510 443 4575 corruptum?
463 4507 590 4579 [μάντιςλ
609 4508 730 4580 Wess.]).

353 4590 379 4658 6)
400 4589 593 4659 &vespertinale
613 4588 704 4656 Βήσας
721 4588 810 4642 Wess.
831 4588 911 4641 Neue
930 4587 975 4643 Gr.
997 4588 1046 4643 ZP.
1068 4594 1110 4657 27,
1126 4595 1178 4643 230
1197 4615 1231 4635 =
1249 4588 1318 4641 Ken.
1338 4591 1381 4651 91,
1396 4590 1455 4639 222.

353 4672 379 4739 7)
398 4669 443 4721 Ad
463 4669 568 4724 locum:
599 4671 666 4739 τΒης
685 4686 716 4723 or
735 4675 863 4740 Βησα...
883 4668 928 4722 for
946 4669 994 4723 the
1013 4670 1070 4740 god
1087 4670 1199 4723 Horus’.
