3550 5317
253 295 294 357 τη
604 335 608 344 .
824 291 978 362 capuam.

252 465 303 544 τῷ
326 455 627 541 ἀπεγνωσμένην,
651 455 735 520 ἀλλά
758 456 861 541 ἀλλω
884 453 965 519 τινὶ
989 453 1141 538 λέγοντες
1163 455 1193 538 6,
1212 455 1277 520 336
1288 477 1334 538 sq.
1366 453 1560 538 ἐπιλαβομέ-

255 579 314 637 νης
337 558 454 618 τοίνυν
477 553 596 628 νυκτὸς
620 555 652 623 οἱ
674 554 843 636 πάνσοφοι
867 546 960 617 οὗτοι
985 554 1075 636 ἅγιοι
1099 601 1107 616 .
1132 602 1169 616 ..
1197 551 1358 636 φανέντες
1380 561 1426 640 τῷ
1455 553 1562 634 δῆθεν

256 655 355 738 ἰατρῷ
384 661 429 738 τῷ
460 653 596 716 συνόντι
619 659 663 738 τῷ
688 650 890 715 ἀσθενοῦντι
918 656 986 715 κτλ.
1031 650 1174 715 Medicus
1202 651 1350 733 proximo
1379 650 1429 714 die
1452 654 1562 714 narrat

252 772 351 833 puero
375 750 412 814 τὸ
435 751 525 834 παρά
547 759 615 814 τῶν
637 748 743 830 ἀγίων
766 797 773 812 .
798 798 805 811 .
829 798 835 812 .
860 746 902 812 δι’
934 747 1097 833 ὁράματος
1115 745 1327 832 προσταχθέν
1345 748 1434 834 αὐτῷ
1457 749 1561 834 παρά-

254 846 353 925 δοξον
380 847 522 932 χάρισμα
552 846 602 929 19,
621 845 741 929 444sq.
765 884 809 893 -
836 845 954 909 Mulier
981 847 1137 930 quaedam
1165 847 1206 909 ad
1233 846 1367 910 alteram
1394 845 1561 909 mulierem

254 968 287 1008 se
311 943 454 1009 conferre
478 943 566 1008 videt
590 946 730 1007 sanctos:
758 947 911 1029 ἔρχονται
938 945 974 1008 oi
998 945 1088 1026 ἅγιοι
1117 943 1154 1007 έν
1180 942 1276 1008 νυκτὶ
1303 941 1358 1008 καὶ
1386 941 1434 1007 ἐπ’
1467 945 1561 1020 ὄψεσι

254 1043 375 1125 ταύτης
399 1042 527 1106 ἔδωκαν
549 1050 588 1126 τη
606 1044 749 1124 πλησίον
768 1040 868 1124 αὐτῆς
888 1039 1084 1126 ἀνακειμένη
1104 1039 1217 1127 ἑταίρα
1235 1042 1348 1125 μραΐδι
1371 1039 1562 1126 ἀσθενούση

252 1141 426 1204 πιττάκιον
455 1139 576 1224 μικρὸν
605 1137 659 1202 καὶ
692 1137 905 1224 ἀνεχώρησαν
932 1139 985 1222 27,
1003 1138 1078 1202 498.
1124 1135 1215 1203 Anus
1247 1137 1304 1201 illa
1335 1139 1483 1221 proximo
1512 1139 1562 1201 die

152 1279 155 1286 .
254 1233 302 1292 est
326 1231 461 1292 mortua.

344 1324 504 1389 (iurantur
523 1325 651 1409 aegroti
675 1327 731 1389 aut
759 1325 829 1409 ipso
859 1347 972 1389 somno
1000 1329 1057 1389 aut
1084 1326 1232 1390 remediis
1256 1347 1275 1388 a
1297 1325 1493 1409 martyribus
1517 1325 1563 1389 in-

256 1423 379 1488 dicatis.
426 1421 554 1487 Accidit
584 1427 621 1486 ut
651 1424 834 1487 sanctorum
865 1423 1012 1487 manibus
1047 1423 1208 1506 impositis
1243 1427 1395 1488 sanentur
1426 1423 1563 1508 aegroti:

256 1519 427 1596 ἐπιθέντες
452 1518 502 1584 ἐπ’
528 1519 631 1584 αὐτὸν
654 1522 711 1596 τάς
735 1531 845 1606 χεῖρας
868 1520 1017 1606 ἀοράτως
1040 1530 1161 1585 τοῦτον
1185 1522 1319 1586 λάσαντο
1342 1521 1374 1605 4,
1392 1521 1466 1585 330.
1495 1520 1564 1584 έπι-

254 1618 370 1692 θέντες
385 1617 435 1682 ἐπ’
453 1618 555 1683 αὐτὸν
568 1619 626 1693 τάς
645 1617 741 1699 ἀμίας
760 1618 871 1682 αὐτῶν
878 1615 903 1703 1)
923 1629 1033 1702 χεῖρας
1055 1627 1113 1700 της
1130 1621 1234 1683 νόσου
1253 1618 1357 1683 αὐτὸν
1374 1616 1564 1701 ἀπήλλαξαν

256 1718 285 1799 9,
305 1715 379 1780 352.
424 1714 543 1780 Unctio
574 1714 644 1779 oleo
672 1715 758 1779 faeta
785 1716 980 1798 martyribus
1009 1720 1193 1780 consecrato
1221 1716 1274 1799 29,
1292 1716 1367 1780 530.
1412 1716 1489 1780 Vim
1518 1738 1565 1779 sa-

256 1813 419 1877 lutiferam
443 1813 601 1896 imprimis
625 1813 755 1877 exhibet
775 1835 846 1878 cera
869 1814 988 1877 sanctis
1007 1813 1121 1896 dicata,
1145 1813 1184 1878 cf.
1204 1836 1277 1878 cum
1295 1813 1359 1877 alia
1377 1818 1447 1877 tum
1465 1814 1560 1878 trium

255 1911 483 1976 miraculorum
507 1911 620 1975 seriem
646 1910 787 1985 14-16Ι
803 1935 832 1994 p.
853 1911 917 1974 398
929 1933 997 1994 sqq.
1005 1907 1029 1996 2)
1075 1910 1210 1975 Iudaeae
1238 1911 1404 1976 cuiusdam
1431 1912 1564 1995 curatio,

256 2011 307 2076 cui
331 2013 486 2093 martyres
509 2009 838 2094 προστάττουσιν...
858 2020 965 2094 κρεῶν
988 2013 1173 2093 χοιρείων
1196 2013 1393 2093 μεταλαβεῖν
1416 2007 1461 2096 (2,
1476 2007 1565 2094 316),

261 2110 295 2172 in
318 2107 506 2172 memoriam
529 2111 658 2171 revocat
680 2106 858 2190 historiam,
882 2128 964 2190 quae
987 2107 1072 2191 apud
1092 2105 1224 2171 Suidam
1247 2107 1367 2192 legitur
1385 2131 1408 2172 s.
1427 2130 1454 2172 v.
1474 2112 1565 2190 Δομ-

256 2217 358 2283 νῖνος.
403 2205 467 2270 Hic
495 2206 579 2269 enim
608 2205 719 2269 eodem
751 2201 924 2290 remedio³)
953 2207 1085 2268 sanatur
1112 2203 1211 2288 Syrus
1238 2205 1419 2269 Domninus
1447 2204 1503 2289 qui
1531 2205 1565 2268 in

258 2302 428 2386 Asclepieo
443 2301 634 2367 Atheniensi
649 2303 826 2382 incubavit3
846 2325 951 2366 mores
965 2302 1092 2384 paterni
1106 2303 1234 2386 utrique
1253 2303 1411 2368 curationi
1426 2303 1566 2384 obstant,

257 2424 337 2486 quae
359 2405 467 2465 tamen
486 2402 622 2484 denique
642 2400 788 2465 efficitur.
821 2400 849 2464 Ε
870 2398 946 2483 Cyri
966 2403 998 2464 et
1016 2398 1147 2464 loannis
1161 2401 1325 2465 miraculis
1340 2401 1403 2464 iarn
1417 2400 1564 2465 hocloco

257 2501 423 2564 adnectere
446 2499 544 2563 velim
567 2497 619 2581 54,
639 2498 727 2561 3624
738 2497 771 2582 G,
795 2498 851 2562 ubi
874 2498 979 2562 filium
999 2498 1091 2581 adipe
1115 2498 1233 2563 suillo
1257 2498 1381 2563 illinere
1405 2495 1564 2583 iubetur4)

256 2603 366 2682 mater,
391 2598 441 2662 cui
466 2597 574 2662 omnia
598 2595 692 2660 suilla
716 2599 791 2660 sunt
814 2597 980 2660 adversa.
1018 2594 1175 2659 Similiter
1193 2595 1354 2661 Theodori
1373 2596 1461 2660 illius
1480 2618 1566 2660 men-

258 2698 380 2761 tionem
398 2696 502 2760 facere
526 2715 709 2779 possumus,
738 2693 794 2776 qui
826 2691 1009 2757 aludaeo
1038 2693 1177 2776 quodam
1200 2717 1258 2778 per
1285 2695 1426 2780 magiam
1454 2695 1566 2758 immo-

260 2795 335 2859 bilis
365 2794 508 2858 redditus
538 2793 627 2876 porci
658 2791 844 2877 pulmonem
873 2790 1021 2855 medendi
1051 2813 1147 2855 causa
1174 2792 1324 2856 adhibere
1352 2793 1493 2856 iubetur:
1524 2791 1565 2855 ib.

258 2892 310 2975 55,
326 2891 412 2955 3625
422 2890 454 2955 O.
480 2929 521 2938 -
545 2889 779 2955 Delectamenti
803 2889 908 2974 gratia
930 2889 1027 2954 affero
1051 2889 1121 2953 mir.
1140 2889 1192 2973 24,
1206 2890 1273 2953 480
1283 2912 1360 2974 sqq„
1379 2889 1436 2952 ubi
1455 2890 1565 2953 eodem

258 2995 402 3072 tempore
427 2991 579 3052 sanantur
601 2987 651 3053 vir
673 2987 868 3071 paralyticus
893 3008 930 3051 ac
952 2987 1068 3050 mulier
1090 2991 1188 3051 muta.
1233 2987 1440 3070 Praecipiunt
1464 2987 1566 3050 sancti

258 3111 315 3170 per
338 3108 485 3150 somnum
509 3085 699 3168 paralytico:
724 3087 752 3150 εί
775 3083 885 3159 θέλεις
908 3083 1005 3166 ὑγιὴς
1023 3083 1190 3166 γενέσθαι,
1213 3087 1392 3168 κοιμηθητι
1410 3085 1490 3166 μετά
1509 3092 1566 3165 τῆς

259 3184 417 3266 γυναικὸς
444 3182 578 3247 ἀλάλου.
625 3181 687 3246 Ter
714 3185 865 3246 monetur
895 3182 1030 3245 eundem
1060 3181 1095 3245 in
1121 3181 1266 3265 modum3
1299 3181 1436 3264 denique
1467 3182 1566 3244 noctu

259 3281 299 3344 ad
329 3279 472 3343 mulieris
500 3283 608 3343 mutae
641 3278 760 3344 lectum
794 3302 826 3344 se
859 3278 995 3344 confert:
1028 3279 1107 3344 haec
1138 3278 1195 3341 ubi
1228 3300 1300 3343 eum
1333 3277 1567 3361 animadvertit,

258 3376 537 3443 vehementissime
562 3376 697 3441 clamare
726 3377 844 3462 coepit3
868 3376 923 3440 ille
947 3400 1044 3461 quam
1067 3376 1231 3442 celerrime
1258 3377 1358 3462 fugit:
1386 3376 1567 3462 ὁπάρετος

209 3501 214 3509 ·
260 3477 321 3558 την
345 3477 482 3559 ἀφωνον
505 3472 654 3551 ἐδίδαξεν
677 3479 790 3538 λαλεῖν
813 3486 951 3560 τρανῶς,
974 3474 994 3558 τ)
1014 3477 1135 3551 ἀλαλος
1153 3475 1213 3540 τὸν
1229 3476 1374 3561 πάρετον
1392 3473 1567 3549 ἀκωλύτως

260 3572 388 3660 τρέχειν
412 3571 592 3636 ἐδίδασκεν.

264 3774 412 3828 Dedicatio
431 3773 625 3828 tantummodo
644 3789 694 3842 pro
714 3772 802 3826 altero
821 3771 935 3826 homine
953 3772 1082 3843 efficitur,
1100 3791 1152 3843 pro
1170 3774 1267 3829 liberis
1291 3791 1309 3826 a
1330 3771 1494 3842 parentibus
1513 3774 1565 3826 etc.

264 3853 342 3924 (ὑπὲρ
362 3856 422 3921 ὑοῦ,
441 3851 573 3922 παιδίων,
591 3851 741 3924 θυγατρός,
760 3849 902 3923 γυναικός,
921 3853 1007 3906 semel
1025 3852 1094 3921 ὑπὲρ
1115 3855 1309 3921 Πολυεύκτου).
1329 3851 1468 3905 Nimirum
1486 3855 1567 3921 pater

264 3933 388 3987 familias
407 3934 464 3986 lere
482 3933 507 3986 is
527 3936 595 4000 erat,
614 3933 664 4001 qui
681 3935 777 3988 votum
796 3933 901 3986 solvere
919 3935 1022 4001 posset.
1060 3933 1204 3998 Quomodo
1227 3933 1279 3985 illa
1303 3929 1383 3999 ‘baio
1401 3933 1488 3994 τινος’
1510 3931 1568 3985 sint

262 4012 464 4082 intellegenda,
483 4013 588 4082 optime
607 4013 782 4068 demonstrat
799 4031 839 4068 nr.
856 4018 888 4067 59
904 4013 975 4066 VIB
994 4041 1027 4058 =
1048 4018 1073 4080 1,
1087 4019 1121 4066 48
1130 4030 1189 4081 sqq.
1200 4012 1238 4080 0.,
1257 4011 1307 4065 ubi
1322 4012 1466 4065 Pandarus
1481 4011 1566 4064 Thes-

263 4093 338 4147 salus
358 4110 375 4146 a
394 4093 445 4146 deo
465 4095 580 4146 sanatus
599 4093 744 4148 Echedoro
763 4092 912 4162 pecuniam
930 4093 1019 4148 tradit
1037 4091 1100 4147 ὥστ’
1123 4089 1248 4160 ἀνθέμεν
1265 4101 1315 4146 τῶι
1332 4095 1404 4146 θεῶι
1432 4092 1472 4154 εἰς
1486 4089 1566 4146 Ἐπί-

263 4176 370 4240 δαυρον
389 4170 472 4240 ὑπὲρ
492 4173 696 4243 αά[τοῦ](56).

354 4255 379 4322 1)
398 4253 446 4306 καὶ
464 4251 670 4319 θεραπευτικδις
688 4252 751 4306 add.
772 4253 855 4308 Vind.

354 4335 382 4401 2)
400 4331 469 4386 Cera
487 4331 538 4385 illa
558 4330 603 4384 die
621 4331 694 4386 festo
714 4331 937 4388 distribuebatur
955 4334 1071 4403 populo:
1091 4332 1243 4403 ρθοισάσης
1269 4342 1318 4403 τῆς
1340 4330 1512 4403 παννυχίδος
1530 4337 1567 4403 τῷ

265 4411 394 4486 σαββάτῳ
413 4413 460 4467 καί
479 4420 528 4482 τῆς
545 4420 670 4482 κηρωτῆς
688 4413 725 4474 ὡς
743 4413 806 4481 περὶ
825 4413 901 4481 ὥραν
921 4412 1002 4482 ἕκτην
1017 4422 1066 4483 τῆς
1080 4414 1180 4476 νυκτὸς
1192 4419 1230 4486 τῷ
1244 4417 1301 4485 λαῷ
1316 4411 1498 4481 διαδοθείσης
1511 4415 1566 4466 κτλ.

269 4511 283 4547 e
303 4495 362 4548 cod.
382 4493 503 4547 Vindob.
523 4491 674 4561 φάρμακον
692 4490 785 4546 πάντα
803 4492 885 4562 πάθη
905 4503 991 4549 νικῶν
1010 4496 1126 4547 vocatur
1146 4500 1170 4561 1,
1187 4499 1246 4546 314.

355 4577 381 4643 3)
400 4573 419 4642 ἡ
437 4571 468 4627 δὲ
487 4572 561 4635 ίασις
578 4565 614 4641 ἦν
633 4569 843 4640 ἐμπίμπλασθαι
862 4571 1022 4643 χοιρείων
1040 4582 1128 4641 κρεῶν
1147 4573 1164 4625 l.
1181 4591 1201 4627 s.

355 4656 383 4722 4)
401 4651 490 4724 χρίειν
510 4698 515 4709 .
537 4697 542 4708 .
563 4696 568 4707 .
589 4650 666 4725 ὑείῳ
685 4649 871 4721 προσέταττον
890 4651 981 4707 στέατι
999 4652 1017 4706 l.
1035 4671 1055 4707 s.
