3550 5317
840 330 931 401 Caput
946 331 979 385 Π.

335 489 545 562 πελαγοδρόμου
565 492 612 545 καί
627 490 775 558 κάνθαρον
793 490 902 560 τροφήν
922 508 972 545 σοι.
1000 494 1091 561 θορῆς
1109 492 1222 544 subesse
1241 491 1399 560 suspicatur
1416 491 1569 560 Dieterich,

333 572 498 641 praesertim
513 589 576 625 cum
595 574 728 640 sequatur
745 588 798 624 vox
814 571 921 640 ‘picra’
938 572 1032 641 (φύσις
1045 598 1079 617 =
1094 574 1220 642 cunnus),
1239 572 1281 626 ita
1299 574 1332 625 ut
1345 571 1456 625 mulieri
1476 589 1569 626 semen

333 652 413 706 virile
431 652 462 704 in
480 669 571 705 cunno
590 667 693 721 ponere
712 651 929 721 praeciperetur,
966 651 1073 706 Tamen
1091 669 1154 705 cum
1172 669 1238 705 voce
1259 654 1377 707 ‘tetras’
1398 652 1569 722 coniungen-

334 734 401 785 dum
414 732 525 787 videtur
543 728 574 786 αί
594 730 603 751 ’
624 729 735 800 ἱέρακος
753 748 844 800 neque
862 749 927 785 vero
946 748 1018 801 quac
1037 732 1215 787 antecedunt.
1252 729 1340 801 δέρμα
1358 729 1521 801 φοινίκινου
1539 736 1569 786 et

333 810 466 867 κόκκινον
483 830 507 865 v.
526 830 554 881 p.
570 817 612 865 25.
650 810 739 881 δέρμα
757 810 846 882 γυπός
864 812 921 866 alia
939 812 1081 867 Dieterich
1099 813 1211 881 Nekyia
1229 831 1256 882 p.
1271 820 1315 880 47,
1329 820 1354 868 4.

261 919 451 1005 Amphiarai
484 920 612 985 oraculo
645 921 765 985 sanatis
799 922 1012 985 constitutum
1045 927 1114 987 erat
1139 927 1346 1008 argentum
1378 923 1429 988 vel
1454 947 1568 988 aurum

265 1020 429 1104 signatum
460 1020 498 1083 in
531 1020 677 1083 fontem
720 1019 894 1103 proicere
927 1042 1029 1104 prope
1060 1020 1217 1104 templum
1244 1020 1405 1085 fluentem.
1457 1021 1565 1108 (Paus.

262 1118 277 1183 1
298 1116 349 1200 34,
363 1116 407 1204 4.)

336 1248 370 1301 of.
397 1264 469 1315 quae
495 1247 614 1302 Aristidi
640 1266 657 1302 a
682 1249 735 1303 deo
762 1265 813 1318 per
838 1265 966 1303 somnum
991 1249 1172 1319 imperantur,
1197 1267 1233 1304 ne
1258 1249 1343 1305 tertio
1366 1250 1498 1319 deinceps
1522 1250 1568 1305 die

334 1331 452 1382 mortem
466 1329 559 1395 obeat,
572 1328 622 1382 ubi
637 1346 699 1382 cum
715 1328 771 1383 alia
785 1328 928 1399 legiatum
941 1330 1230 1399 haec(11400,26K.):
1246 1329 1340 1384 ἔπειτα
1355 1327 1567 1399 ἀναστρέφοντα

332 1407 453 1479 λαβόντα
477 1405 626 1478 κέρματα
645 1406 803 1480 διαβαίνειν
821 1428 851 1463 τε
873 1409 923 1463 τόν
946 1410 1099 1478 ποταμόν
1118 1409 1165 1463 καί
1184 1407 1412 1478 ἀπορρίπτειν
1430 1413 1485 1463 uri.
1522 1411 1566 1463 In-

333 1490 432 1541 dorum
446 1504 502 1555 rex,
518 1506 580 1542 cum
594 1489 679 1543 Indus
693 1488 770 1558 ripas
785 1489 984 1558 superavisset,
999 1489 1086 1543 atris
1104 1490 1194 1544 tauris
1208 1492 1293 1558 atque
1308 1489 1387 1557 equis
1402 1490 1567 1544 sacrificatis

333 1585 447 1623 auream
459 1569 533 1624 vasis
547 1568 725 1624 frumentarii
745 1569 867 1641 effigiem
887 1570 1019 1625 fluctibus
1038 1570 1176 1625 immersit
1196 1570 1327 1625 Philostr.
1337 1570 1370 1625 V.
1383 1570 1473 1640 Apoll.
1487 1571 1565 1626 1119.

349 1856 417 1922 Iam
436 1856 476 1921 ad
494 1858 592 1920 finem
610 1858 821 1942 pervenimus.
862 1858 938 1923 Non
959 1859 1061 1923 multa
1080 1859 1209 1944 quidem
1228 1862 1313 1943 sunt,
1333 1881 1414 1943 quae
1432 1858 1566 1942 scripto-

260 1980 312 2021 res
337 1956 432 2021 nobis
455 1956 596 2041 tradunt,
619 1960 726 2020 tamen
750 1956 857 2042 aliqua
880 1957 963 2022 ratio
987 1956 1132 2041 intellegi
1159 1960 1274 2040 potest.
1319 1955 1364 2019 Iis
1387 1956 1472 2019 enim
1496 1957 1566 2033 riti-

263 2055 333 2137 bus,
357 2076 438 2139 quos
464 2055 522 2119 sub
547 2054 658 2119 ‘victu'
682 2055 929 2140 composuimus,
953 2055 1102 2119 videlieet
1125 2055 1250 2118 efficere
1268 2054 1429 2138 volebant,
1451 2057 1489 2118 ut
1510 2054 1566 2118 ho-

260 2154 382 2216 minum
423 2152 524 2217 animi
546 2167 580 2216 'a
613 2152 755 2236 corporis
799 2153 991 2239 contagione
1031 2153 1258 2235 liberarentur,
1290 2174 1386 2235 quam
1422 2152 1463 2215 ad
1498 2174 1566 2215 rem

258 2250 502 2335 perpetrandam
535 2251 679 2335 profecto
712 2251 879 2334 aptissima
911 2255 1002 2316 erant
1024 2250 1179 2320 ieiunium
1212 2250 1401 2315 castimonia
1427 2249 1565 2335 vigiliae.

259 2348 403 2413 Alterius
426 2370 502 2412 vero
527 2348 649 2413 ordinis
671 2353 841 2433 praecepta
865 2350 898 2412 in
922 2349 962 2413 iis
986 2340 1191 2433 potissimum
1210 2348 1412 2413 caerimoniis
1431 2350 1565 2432 reperiri

258 2452 404 2532 possunt,
427 2469 510 2532 quae
533 2446 692 2511 lustrandi
711 2446 763 2511 vel
781 2448 972 2530 purificandi
996 2469 1091 2511 causa
1110 2450 1275 2530 susceptae
1284 2445 1310 2534 ¹)
1334 2468 1406 2510 cum
1425 2446 1564 2511 inferum

263 2544 352 2609 cultu
376 2566 548 2629 eorumque
571 2544 774 2609 veneratione
798 2546 986 2611 coniunctae
1009 2567 1078 2610 esse
1102 2545 1213 2610 solent.

347 2642 462 2727 Neque
484 2664 560 2706 vero
584 2642 653 2705 sine
676 2641 784 2726 aliqua
807 2665 903 2707 causa
925 2643 1187 2707 adnotationibus
1205 2642 1409 2707 uberioribus
1429 2665 1446 2707 e
1468 2667 1567 2729 papy-

261 2742 307 2805 ris
330 2742 463 2826 magicis
488 2739 644 2805 eiusmodi
668 2740 757 2805 locos
785 2739 967 2824 attulimus,
996 2742 1113 2825 quibus
1142 2740 1270 2805 eosdem
1297 2740 1379 2804 ritus
1407 2740 1441 2803 in
1469 2742 1565 2805 caeri-

261 2838 378 2902 moniis
406 2838 540 2923 magicis
568 2838 706 2902 usitatos
733 2838 834 2903 fuisse
862 2837 1084 2904 declararetur.
1131 2837 1201 2915 Qua
1228 2838 1262 2902 in
1294 2860 1329 2902 re
1356 2860 1442 2903 nunc
1468 2838 1564 2924 paulo

261 2936 392 3000 dilatius
416 2939 465 3000 est
488 2935 716 3000 disserendum.

348 3032 456 3118 Atque
478 3033 541 3097 hoc
559 3033 687 3117 quidem
707 3034 785 3099 satis
804 3039 931 3100 constat
949 3035 1032 3099 ritus
1050 3036 1192 3119 magicos
1211 3034 1399 3119 plerumque
1418 3034 1456 3097 de
1475 3034 1564 3098 cultu

259 3132 391 3196 deorum
414 3131 641 3195 chthoniorum
665 3132 821 3216 originem
846 3131 1005 3220 ducere²):
1029 3131 1189 3215 quomodo
1212 3130 1265 3194 hio
1288 3130 1495 3194 lustrationes
1518 3131 1565 3194 in-

261 3230 495 3313 staurabantur,
518 3234 555 3293 ut
579 3229 717 3294 inferum
740 3230 788 3294 ira
805 3231 994 3316 placaretur,
1014 3228 1113 3292 simili
1131 3228 1225 3292 modo
1244 3227 1268 3291 ii
1288 3249 1416 3312 quoque
1434 3228 1564 3292 lustrari

259 3327 431 3411 debebant,
462 3326 516 3412 qui
543 3331 677 3391 naturae
704 3351 819 3393 arcana
846 3329 880 3392 in
909 3327 1063 3391 ditionem
1092 3346 1182 3389 suam
1211 3324 1383 3390 studebant
1410 3326 1563 3411 redigere.

259 3424 372 3509 Itaque
404 3425 591 3509 saepissime
619 3426 653 3488 in
684 3428 814 3511 papyris
848 3426 982 3511 magicis
1014 3424 1243 3509 praescribitur
1270 3422 1419 3510 ἁγνείαῆ
1453 3424 1504 3489 vel
1526 3427 1563 3489 υὸ

258 3522 423 3605 ἁγνεύειν.
460 3522 611 3607 Exempli
634 3524 739 3608 gratia
757 3526 795 3589 cf.
814 3524 964 3607 Wessely
988 3522 1041 3588 Gr.
1060 3522 1121 3587 ZP.
1140 3546 1169 3606 p.
1189 3522 1241 3606 22,
1256 3522 1312 3586 52:
1335 3523 1566 3607 προαγνεύσοις

259 3618 286 3700 ζ’
309 3619 432 3707 ἡμέρας
456 3619 618 3708 (attendas
645 3643 814 3686 numerum
839 3620 881 3708 7).
906 3621 1163 3704 ib.101,3209:
1191 3620 1355 3703 ἁγνεύσας
1382 3618 1504 3704 ἡμέρας
1527 3618 1564 3697 ζ’.

348 3853 373 3912 lt
393 3850 427 3905 cf.
447 3852 527 3905 Paus.
546 3851 617 3917 134,
632 3857 660 3907 5:
689 3852 737 3905 nal
760 3859 871 3919 πρῶτον
890 3848 942 3920 μὲν
966 3848 1190 3917 καθήρασθαι
1208 3844 1367 3915 νομίζουσιν
1385 3842 1459 3907 ὅστις
1477 3838 1565 3913 ἦλθεν

255 3929 415 4001 Ἀμφιαράῳ
434 3928 610 3999 χρησόμενος.
647 3931 700 3985 Vel
723 3932 758 3984 de
781 3930 935 3999 Trophonii
958 3928 1085 3998 supplice
1107 3928 1145 3980 id.
1164 3927 1203 3979 IX
1221 3931 1264 3992 39,
1280 3931 1307 3980 t:
1336 3923 1518 3994 ἁιαιτώμενός
1536 3945 1565 3981 τε

259 4008 385 4064 ἐνταῦθα
413 4009 448 4063 τὰ
470 4029 500 4063 τε
523 4008 592 4064 ἁλία
615 4012 807 4079 καθαρεύει
830 4013 885 4065 κτί.
931 4011 1030 4078 ltaque
1056 4009 1091 4062 de
1115 4005 1289 4061 descensuris
1310 4005 1437 4059 lustratis
1463 4005 1567 4059 dicitur

260 4090 445 4161 depositorem
473 4088 628 4158 ὡρισμένως
651 4090 735 4146 schol.
760 4091 806 4145 Ar.
826 4089 900 4143 Nub.
925 4090 1040 4144 508111.
1060 4086 1186 4157 Apostol.
1210 4085 1287 4139 XVII
1301 4091 1343 4140 30.
1380 4085 1566 4154 ἁγνεύσαυιες

258 4167 411 4239 ὡρισμένας
430 4166 533 4237 ἡμέρας
547 4170 632 4223 schol.
647 4170 665 4225 1.
681 4187 703 4224 c.
720 4171 757 4239 V,
772 4168 806 4224 cf.
822 4169 900 4223 Suid.
915 4188 935 4222 s.
951 4188 974 4223 v.
993 4174 1080 4237 Τροφ.
1095 4167 1246 4235 μυούμενοι
1259 4182 1372 4235 quoque
1386 4165 1566 4219 nominantur

257 4248 449 4319 Trophonium
479 4249 633 4304 consulturi
661 4249 742 4317 quasi
771 4250 908 4318 mysteria
934 4248 1070 4302 adeuntes
1093 4246 1179 4301 schol.
1202 4246 1276 4300 Nub.
1300 4252 1352 4300 508
1371 4247 1392 4315 I,
1416 4246 1479 4315 ipsa
1501 4259 1565 4297 vero

257 4330 402 4385 incubatio
426 4362 461 4370 —
479 4330 578 4399 μύησις
601 4329 653 4398 ib.;
672 4328 706 4384 cf.
727 4329 840 4384 Cosmas
856 4330 893 4382 ad
917 4328 998 4397 Greg.
1023 4329 1091 4382 Nan.
1110 4325 1207 4396 Migne
1225 4329 1245 4382 t.
1262 4332 1295 4380 38
1314 4344 1341 4395 p.
1358 4332 1421 4381 tra:
1450 4320 1564 4377 ἐποίουν

258 4408 289 4463 dt
303 4409 412 4473 τελετὰς
425 4430 504 4473 τινας
519 4409 546 4464 cl
560 4408 710 4471 κατιόντες.
744 4408 863 4463 Omnino
878 4407 1019 4461 hominem
1033 4406 1175 4477 integrum
1189 4424 1250 4461 esse
1264 4407 1426 4476 oportebat:
1444 4402 1564 4472 periuris

258 4507 314 4542 non
340 4489 447 4545 licebat
475 4490 610 4543 incubare
633 4488 704 4557 Iovi,
737 4488 828 4541 Plaut.
861 4487 939 4542 Cure.
964 4494 1016 4542 268
1027 4506 1067 4557 sq.
1105 4486 1277 4543 Protesilaus
1303 4486 1402 4539 oderat
1426 4481 1565 4550 moechos,

258 4569 388 4625 Philostr.
408 4571 472 4625 Her.
489 4577 540 4624 679
559 4587 586 4638 p.
604 4575 664 4638 148,
679 4569 737 4624 6Κ.

349 4653 375 4720 2)
395 4650 429 4705 cf.
449 4649 593 4704 Dieterich
612 4650 738 4703 Abraxas
757 4667 783 4719 p.
801 4653 860 4716 157,
876 4655 901 4703 2.

351 4730 645 4800 anaema
