3550 5317
822 244 913 314 Caput
930 244 976 297 IV.

797 493 920 578 Caput
941 494 997 558 IV.

651 620 697 685 De
720 618 929 687 incubatione
953 618 1143 685 christiana.

337 764 489 828 Erwinns
508 762 621 826 Rohde
640 784 698 827 nos
718 762 836 843 docuit,
860 782 923 844 qua
941 761 1065 824 ratione
1085 760 1317 845 intellegendae
1336 763 1401 824 sint
1423 761 1549 825 fabulae

249 864 286 926 de
312 863 379 927 vita
402 883 438 924 ac
461 864 564 925 morte
588 860 718 923 illorum
742 859 874 922 deorum
902 858 1144 941 chthoniorum,
1172 859 1227 940 qni
1251 859 1285 921 in
1312 859 1454 923 cavernis
1478 860 1550 923 sub-

249 960 404 1024 terraneis
427 957 610 1021 habitantes
635 956 798 1019 divinandi
821 955 1007 1021 facultatem
1029 978 1087 1038 per
1106 956 1229 1019 somnia
1248 957 1438 1020 mortalibus
1461 980 1550 1040 prae·

249 1056 381 1140 habant,
412 1078 477 1119 non
509 1055 659 1119 exstincti
687 1076 810 1136 revera,
838 1055 937 1117 immo
966 1054 1045 1137 ipsis
1074 1053 1210 1117 oraculis
1238 1077 1342 1137 neque
1369 1076 1445 1118 vero
1473 1055 1550 1118 solis

249 1155 387 1219 oraculis
424 1154 567 1217 virentes
605 1151 840 1235 quodammodo
879 1154 975 1235 atque
1012 1154 1168 1234 potentes.
1227 1151 1322 1235 Epici
1359 1150 1551 1216 Graecorum

248 1257 371 1336 poetae,
395 1252 430 1315 in
457 1273 594 1334 quorum
623 1248 816 1314 carminibus
845 1247 989 1332 Olympii
1015 1253 1152 1333 regnant
1179 1249 1229 1313 dei
1256 1250 1351 1313 hilari
1381 1249 1550 1332 splendore

248 1350 419 1435 fulgentes,
433 1348 604 1413 horribiles
619 1352 703 1411 atras
723 1351 826 1410 terrae
845 1346 1063 1410 emanationes
1082 1346 1267 1431 intellegere
1285 1369 1352 1410 non
1368 1350 1551 1430 potuerunt.

248 1448 362 1532 Itaque
386 1469 459 1510 cum
483 1447 639 1510 eiusmodi
664 1447 832 1509 daemones
856 1466 1031 1527 eorumque
1050 1444 1155 1509 cultus
1174 1445 1341 1528 praeteriri
1360 1444 1400 1507 ab
1424 1445 1464 1507 iis
1486 1467 1552 1508 non

250 1549 389 1629 possent,
413 1545 498 1609 facta
521 1545 577 1607 illa
600 1543 663 1607 sibi
686 1543 794 1607 oblata
817 1564 889 1606 cnm
920 1542 1038 1605 fabulis
1066 1542 1133 1605 suis
1162 1542 1352 1606 studuerunt
1375 1546 1552 1605 conectere:

252 1643 285 1704 di
318 1642 464 1705 chthonii
496 1642 530 1704 in
561 1641 707 1705 homines
740 1640 1022 1723 convertebantur,
1055 1639 1171 1722 quibus
1211 1644 1286 1722 post
1318 1640 1421 1723 ipsam
1452 1640 1552 1702 vitam

251 1738 412 1822 praeclare
431 1742 592 1822 peractam
617 1737 878 1808 divinihonores
902 1737 1128 1820 tribuerentur,
1152 1759 1191 1801 ex
1213 1736 1398 1801 hominibus
1422 1737 1553 1800 semidei

152 1888 154 1893 ,
250 1837 370 1899 fiebant
394 1874 436 1881 -
460 1835 587 1918 heroes,
611 1835 666 1919 qui
693 1838 831 1899 mortem
858 1856 925 1897 non
948 1835 1166 1920 oppetierunt,
1194 1835 1303 1899 sedin
1329 1839 1493 1899 aeternum
1517 1838 1553 1898 ut

250 1935 404 2016 viverent,
428 1933 488 1996 sub
512 1936 630 1996 terram
654 1936 729 1997 sunt
751 1932 876 1996 remoti.
885 1929 910 2017 ¹)

250 2124 728 2195 AmphilochusApollinispvdccoc:
739 2126 830 2178 Tzetz.
837 2125 873 2177 ad
878 2125 1014 2193 Lycophr.
1025 2130 1085 2179 440.
1096 2125 1174 2179 Idem
1179 2125 1318 2194 Apollinis
1324 2123 1469 2194 Δηραίνον
1479 2126 1554 2181 κύων

252 2207 316 2275 Lye.
333 2212 385 2260 440
396 2208 429 2274 -Ι-
440 2206 531 2259 uren.
561 2204 641 2269 Quod
656 2206 732 2273 apud
747 2204 837 2259 Strab.
852 2204 917 2257 XIV
927 2211 952 2270 3,
964 2211 996 2259 17
1011 2224 1037 2274 p.
1050 2210 1100 2259 676
1119 2204 1225 2274 legitur
1238 2222 1272 2258 ex
1285 2205 1408 2259 Hesiodo
1421 2206 1555 2258 haustum

253 2286 471 2355 Amphilochum
495 2285 531 2338 ab
555 2285 686 2354 Apolline
707 2284 781 2338 Solis
804 2284 984 2339 interfectum
1003 2301 1072 2350 esse,
1092 2284 1217 2338 declarat
1239 2286 1286 2339 hic
1310 2302 1422 2353 quoquc
1440 2284 1471 2337 in
1489 2284 1553 2338 reli-

252 2366 368 2435 gionum
389 2382 524 2429 concursu
541 2364 646 2419 similia
661 2364 796 2418 accidisse
811 2367 896 2432 atque
910 2363 1034 2434 Delphis.
1064 2365 1178 2433 Mopsus
1197 2364 1271 2418 filius
1290 2364 1441 2434 Apollinis:
1462 2364 1553 2420 Strab.

251 2445 316 2498 XIV
333 2451 402 2514 5,16
425 2463 452 2514 p.
468 2450 527 2499 675.
555 2444 646 2499 Tzetz.
670 2446 734 2513 Lyc.
750 2450 810 2499 439.
834 2444 872 2499 ib.
893 2451 945 2499 440
970 2442 1124 2514 (Δηραλνον
1151 2445 1226 2498 κύων
1250 2444 1323 2498 sicut
1345 2444 1553 2514 Amphilochus,

162 2590 164 2597 Ι
252 2527 317 2593 Lyc.
343 2532 395 2579 440
416 2527 449 2593 -Ι-
470 2524 579 2594 Treta).
623 2524 725 2579 Conon.
754 2542 827 2579 narr.
857 2531 881 2579 6.
922 2524 1005 2578 Clem.
1030 2524 1108 2578 Alex.
1134 2524 1187 2578 Str.
1215 2523 1279 2576 121
1313 2532 1328 2589 ξ
1353 2530 1403 2577 134
1435 2525 1553 2593 saepius.

253 2605 339 2660 Clarii
362 2604 502 2675 Apollinis
531 2604 676 2658 oraculum
697 2606 788 2657 matre
810 2607 921 2658 mortua
945 2603 1061 2673 accipit,
1086 2603 1187 2657 Conon.
1212 2604 1229 2658 l.
1250 2622 1270 2658 s.
1312 2604 1463 2659 Hemithea
1493 2623 1556 2658 cum

253 2685 385 2755 Apolline
404 2684 584 2753 coniungitur
602 2684 683 2738 Diod.
698 2683 724 2736 V
739 2690 772 2736 62
791 2683 836 2752 (cf.
852 2703 878 2752 p.
894 2689 938 2749 40,
953 2685 988 2752 3).
1025 2682 1120 2736 Etiam
1147 2682 1335 2737 oneirocritici
1357 2683 1556 2739 Telmissenses

256 2766 291 2819 ab
318 2765 450 2835 Apolline
477 2764 614 2835 originem
640 2764 789 2817 ducebant.
810 2763 844 2818 cf.
870 2761 1092 2821 Odofr.sM1'iller
1118 2762 1236 2817 Dorier²
1253 2764 1340 2818 1218.
1382 2763 1480 2832 Neque
1503 2765 1556 2818 hoc

254 2843 323 2897 satis
342 2844 409 2898 fuit:
429 2842 577 2914 postremis
596 2842 769 2912 temporibus
788 2841 889 2912 Apollo
909 2842 969 2911 ipse
989 2843 1104 2896 oracula
1126 2843 1261 2896 chthonia
1284 2843 1462 2913 occupavisse
1480 2844 1555 2897 vide-

253 2926 307 2978 tur.
345 2924 377 2975 ln
408 2923 513 2976 scholio
541 2922 674 2977 Nicandr.
701 2922 827 2977 Theriac.
848 2928 900 2976 614
926 2922 1106 2976 inveniuntur
1128 2923 1209 2977 haec:
1235 2921 1367 2993 Ὀρόπεια
1395 2923 1449 2993 γὰρ
1476 2923 1557 2985 πόλις

256 3000 404 3069 Βοιωτίας,
433 3001 504 3056 ὅπου
532 3000 737 3072 διασημότατον
765 3003 841 3071 ἱερὸν
866 3000 1039 3063 Ἀπόλλωνος,
1078 3002 1122 3072 (cf.
1142 3003 1272 3057 Eutecnii
1300 3003 1492 3073 metaphrasin
1518 3004 1554 3057 ad

255 3089 376 3135 604-19
395 3100 421 3151 p.
438 3088 490 3135 350
505 3082 543 3135 ἃς
563 3080 631 3150 παρ’
649 3080 825 3145 ’Λπόλλωνος
842 3091 892 3136 τοῦ
912 3082 942 3136 ἐν
960 3087 998 3155 τῷ
1012 3080 1147 3154 Ὠρωπῷ.)
1179 3083 1285 3137 Tamen
1304 3100 1337 3137 eo
1356 3084 1417 3137 loco
1431 3101 1488 3137 non
1502 3083 1556 3137 nisi

254 3161 419 3230 Amphiarai
433 3178 542 3214 sacrum
557 3162 663 3214 clarum
677 3162 815 3217 exstabat.
847 3162 987 3231 Apollinis
1000 3179 1102 3215 nomen
1115 3161 1145 3215 in
1159 3162 1252 3232 prima
1266 3180 1331 3217 arae
1345 3163 1422 3217 illius
1435 3179 1556 3233 magnae

257 3244 338 3311 parte
362 3240 529 3309 inscriptum
551 3239 637 3293 fuisse
661 3256 728 3293 sanc
751 3244 794 3296 est
816 3242 1157 3310 001010,Ρο00.134,’3;
1186 3243 1236 3296 sed
1259 3244 1294 3297 de
1318 3243 1453 3313 ampliore
1477 3244 1554 3298 cultu

255 3320 316 3374 eius
334 3318 407 3372 nihil
425 3318 560 3386 traditur,
585 3319 689 3372 nedum
712 3320 747 3373 de
769 3322 937 3391 Amphiarai
959 3339 1037 3376 sacro
1061 3324 1204 3391 occupato.
1242 3322 1339 3378 Nihilo
1362 3324 1455 3377 minus
1477 3324 1557 3377 illam

258 3398 357 3453 scholii
376 3397 529 3451 Nicandrei
547 3400 644 3451 notam
662 3398 719 3451 iarn
737 3418 793 3454 non
812 3401 879 3455 licet
898 3402 1055 3473 neglegere,
1075 3420 1138 3456 cum
1155 3402 1290 3473 inspicias
1309 3404 1403 3474 Steph.
1419 3404 1520 3473 Bya's.
1531 3423 1556 3457 v.

258 3478 367 3549 Τεγύρα
390 3496 417 3546 p.
433 3483 493 3546 c11,
508 3484 590 3546 Ssqq.
629 3477 835 3534 Enumerantur
857 3481 904 3536 hic
926 3482 1041 3549 quidem
1069 3500 1103 3536 ea
1125 3483 1200 3551 loca,
1224 3483 1326 3551 quibus
1349 3484 1450 3553 Apollo
1473 3486 1557 3537 natus

258 3576 319 3613 essa
338 3557 511 3625 tradebatur,
531 3560 591 3611 tum
608 3558 736 3627 pergitur
752 3560 806 3613 hoc
824 3562 920 3615 modo:
945 3562 1137 3632 Καλλισθένης
1160 3562 1190 3617 ἐν
1213 3560 1295 3635 τρίτῳ
1317 3572 1372 3618 τῶν
1387 3560 1557 3630 Ἑλληνικῶν

259 3635 332 3695 εἶναι
352 3636 468 3707 μαντεῑά
488 3656 556 3707 φησι
574 3640 621 3707 (sc.
636 3638 795 3707 Apollinis),
816 3640 862 3693 ‘cb
882 3640 933 3709 μὲν
948 3640 1088 3710 Ἰσμήνιον
1111 3642 1142 3696 ἐν
1167 3642 1287 3713 Θήβαις,
1310 3642 1341 3695 τὸ
1366 3640 1398 3694 δὲ
1419 3642 1556 3708 Τροφώ,

256 3740 331 3774 νιον
351 3718 386 3773 ἐν
405 3716 589 3793 Λεβαδείᾳ,
607 3718 639 3773 τὸ
659 3716 690 3772 δὲ
709 3718 739 3773 ἐν
755 3715 845 3789 Ἀβαῖς
863 3720 1012 3789 λεγόμενον
1031 3721 1061 3776 ἐν
1081 3725 1217 3789 Φωκεῦσι,
1235 3722 1267 3775 τὸ
1290 3718 1322 3774 δὲ
1341 3721 1507 3788 κυριώτερον
1526 3718 1556 3772 ἐν

257 3804 386 3867 Δελφοῖς,
406 3796 420 3852 ὃ
440 3800 488 3852 καλ
502 3798 619 3867 μάλιστά
639 3816 708 3868 φασι
723 3796 962 3867 μεμαρτυρηκέναι
975 3800 1026 3868 τὴν
1041 3801 1071 3855 ἐν
1088 3801 1197 3874 Τεγύρᾳ
1217 3804 1263 3869 (sc.
1278 3797 1434 3869 ytvsowt).'
1454 3798 1556 3867 Apollo

256 3878 402 3931 Lebadeae
422 3895 531 3931 sacrum
553 3872 680 3933 habebut
697 3878 789 3948 (Paus.
803 3879 841 3931 IX
856 3885 899 3945 39,
913 3883 941 3948 4)
964 3879 1046 3947 eique
1064 3881 1138 3932 inter
1161 3880 1231 3933 alios
1256 3880 1322 3932 deos
1345 3877 1557 3931 sacrificabatur

256 3960 322 4012 ante
352 3958 516 4011 descensum
551 3959 755 4012 instituendum
785 3959 832 4027 (ib.
852 3965 896 4025 39,
915 3962 950 4027 5).
993 3958 1016 4010 Ε
1041 3959 1103 4012 1000
1136 3958 1224 4012 citato
1257 3956 1383 4025 sequitur
1417 3957 1557 4012 exstitisse

257 4036 417 4107 opinionem
434 4038 577 4103 quandam
597 4039 631 4091 de
646 4038 775 4108 Apolline
795 4039 903 4093 oraculi
917 4038 1063 4092 cuiusdam
1076 4037 1229 4107 Trophonii
1242 4036 1431 4092 Lebadeensis
1449 4055 1558 4107 posses-

256 4134 331 4184 sore,
355 4133 525 4184 quamquam
548 4118 635 4171 rerba
659 4118 710 4171 illa
736 4119 812 4188 apud
837 4119 929 4189 ipsum
953 4118 1153 4174 Callisthenem
1176 4118 1212 4188 (h.
1237 4135 1259 4172 e.
1284 4118 1438 4171 Alexandri
1460 4119 1559 4189 Magni

256 4196 439 4266 temporibus)
457 4195 503 4249 vix
521 4196 701 4267 legebantur,
721 4199 770 4253 sed
789 4202 888 4268 postea
910 4198 1077 4268 interposita
1100 4215 1161 4253 esse
1183 4198 1322 4254 videntur.
1361 4199 1473 4269 (Apollo
1491 4199 1558 4254 Tro-

255 4277 376 4348 phonius
395 4276 576 4345 responderet
594 4293 635 4332 ex.
656 4296 695 4347 gr.
710 4278 836 4348 Apollini
855 4278 1035 4348 Sarpedonio,
1055 4280 1090 4333 de
1104 4296 1159 4346 quo
1177 4297 1203 4333 v.
1218 4278 1293 4332 infra
1310 4298 1337 4348 p.
1354 4280 1424 4348 101.)
1453 4278 1558 4333 Scholii

258 4356 411 4412 Nicandrci
430 4358 459 4411 et
478 4356 614 4426 Stephani
632 4357 764 4425 Byzantii
781 4362 866 4412 notae
889 4359 964 4413 inter
987 4376 1016 4413 se
1030 4358 1149 4427 ¹aliquid
1172 4359 1282 4413 addunt
1305 4359 1384 4413 lucis.
1404 4391 1437 4399 —
1456 4359 1497 4412 De
1516 4358 1558 4409 in-

258 4437 407 4492 cubatione
425 4437 487 4506 ipsa
506 4436 536 4489 in
559 4436 698 4506 Apollinis
721 4437 827 4508 templo
849 4439 956 4492 Romae
979 4438 1086 4493 usitata
1109 4439 1248 4507 conferas,
1272 4456 1345 4507 quac
1368 4455 1452 4507 supra
1471 4438 1558 4491 adno-

258 4518 378 4571 tavimus
398 4517 428 4570 in
447 4516 539 4587 capite
560 4517 648 4570 altero
666 4536 693 4585 p.
709 4523 751 4584 32,
768 4523 791 4571 1.
811 4518 844 4573 cf.
860 4538 886 4588 p.
903 4525 946 4585 33,
962 4525 984 4572 1.

348 4601 373 4667 1)
393 4596 427 4651 cf.
447 4595 583 4668 imprimis
602 4596 723 4666 Psyche²
736 4597 749 4650 I
760 4616 787 4667 p.
804 4604 862 4652 123.
