3550 5317
211 358 237 422 4,
248 356 372 418 2144
773 341 958 412 Therapontis
1065 378 1068 381 -
1449 333 1512 398 123

213 513 320 581 τέλεια
405 515 532 578 τελείου
557 511 732 597 ίερουργού
753 507 809 573 καὶ
834 508 1102 594 ίερουργήματος,
1174 509 1260 568 Θεοῦ
1283 497 1513 587 σαρκωθέντος

212 611 267 678 καὶ
290 609 373 695 ὑπὲρ
397 612 490 695 ήμῶν
513 608 558 674 δι’
584 609 720 692 αἵματος
742 608 803 690 τήν
826 606 1007 690 ὁμολογίαν
1029 601 1228 679 τελέσαντες.

301 720 408 806 τούτῳ
431 718 494 803 γάρ
518 718 559 801 δή
583 722 628 802 τῳ
652 717 735 801 θείῳ
758 711 813 778 καὶ
837 712 854 778 6
877 720 943 778 νῦν
964 711 1241 796 ἐγκωμιαζόμενος
1259 708 1370 795 ὁδηγῷ
1393 703 1541 791 χρησά-5

212 843 311 904 μενος
334 818 446 902 αίματι
529 815 699 899 σφραγίζει
723 820 789 897 τοῦΙ
807 813 884 895 βίον
907 811 969 894 τήν
991 810 1147 893 τελευτήν
1169 817 1227 892 τῆς
1250 804 1370 872 ἑαυτοῦ
1393 828 1516 890 μαρτυ-

214 921 288 1004 ρίας
317 925 362 1004 τῷ
393 915 515 998 αίματι,
591 908 646 976 καὶ
676 909 781 986 οὕτως
811 907 847 974 ἐν
877 911 970 992 γήρει
1000 912 1088 994 καλῷ
1119 905 1334 986 ἀναπαύεται,
1404 911 1444 987 πή
1474 910 1516 986 γῇ

215 1011 528 1100 παρακαταθέμενος
573 1010 613 1074 τά
631 1016 691 1073 τοῦ
710 1007 859 1089 σώματος
882 1009 1031 1082 λείψανα.
1085 1013 1188 1069 ταῦτα
1212 1003 1253 1086 δή
1276 1003 1317 1066 τά
1335 1001 1396 1085 τήν
1417 1002 1517 1064 θείαν

215 1114 359 1196 δύναμιν
382 1108 629 1195 κληρωσάμενα,
696 1106 736 1170 τά
759 1103 883 1169 ἐνθάδε
906 1110 971 1168 νύν
993 1103 1278 1188 προσκυνούμενα,
1351 1109 1418 1163 τῶν
1441 1096 1538 1181 ήμε-ε

215 1209 321 1294 τέρων
344 1217 461 1291 ψυχῶν
484 1206 524 1270 τά
546 1203 723 1290 καθάρσια,
798 1211 865 1265 τῶν
890 1200 989 1288 ίερωυ
1017 1199 1227 1285 χαρισμάτων
1250 1198 1268 1263 6
1291 1196 1473 1281 θησαυρός,
1496 1193 1516 1276 ή

214 1319 281 1372 τῶν
305 1305 450 1390 ἰαμάτων
476 1302 632 1384 ἐπίδοσις,
701 1299 920 1382 ἐκτετηκότων
943 1296 1141 1385 ἀυάρρωσις,
1212 1303 1273 1360 τού
1296 1296 1405 1379 γήρως
1429 1292 1517 1357 ἀντί-

214 1411 323 1488 ληψις,
400 1402 609 1484 παιδαγωγία
631 1401 795 1481 νεότητος,
863 1396 1009 1480 [φυλακὴ
1032 1393 1244 1479 παρθενίας,]
1267 1395 1390 1477 κόσμος
1419 1389 1517 1472 ἀσκή-

215 1520 307 1584 σεως,
377 1497 492 1584 ίερέων
514 1498 690 1580 τελείωσις,
758 1497 941 1579 προστασία
963 1504 1030 1558 τῶν
1053 1489 1219 1576 δεομένων
1242 1489 1407 1573 ἀήττητος.
1466 1485 1518 1550 ε’ν-

215 1606 327 1664 ταύθα
360 1596 415 1663 καὶ
447 1596 595 1681 ὀρφανὸς
633 1593 832 1677 καταφεύγει
865 1590 919 1657 καὶ
956 1592 1105 1674 σώζεται,
1252 1585 1307 1653 καὶ
1347 1588 1431 1670 χήρα
1462 1591 1553 1666 τήςω

217 1695 400 1781 ἀνανδρίας
433 1693 494 1761 οὐκ
529 1691 668 1778 ᾔσθετο,
774 1687 913 1755 καὶτοῦ
940 1695 1127 1764 λυποῦντος
1158 1686 1177 1752 6
1210 1686 1435 1769 ἀλγυνόμενος
1467 1680 1518 1746 λε’-

216 1799 325 1876 ληστο.
406 1790 508 1874 πίνης
534 1793 726 1875 προσῆλθεν
753 1785 808 1852 καὶ
830 1792 984 1853 πλουτῶν
1007 1785 1224 1870 ἀνεχώρησεν,
1300 1779 1356 1846 καὶ
1380 1779 1398 1845 6
1420 1803 1518 1844 κατα-

220 1891 425 1974 πονούμενος
447 1896 492 1976 τῳ
516 1888 620 1974 ρύστη
648 1887 863 1970 συνήντησεν.
938 1887 988 1962 τίς
1011 1883 1186 1966 ἐπίληπτος
1218 1883 1341 1956 ἔνθους
1363 1878 1383 1961 ή
1408 1877 1517 1965 ἐκμαι-

216 1991 355 2072 νόμενος
434 1985 630 2069 προσπεσὼν
662 1983 723 2049 ούκ
753 1983 974 2069 ἠλευθερώθη
1005 1979 1059 2046 καὶ
1088 1982 1149 2063 τήν
1181 1980 1271 2044 ἰδίαν
1301 1978 1408 2062 φύσιν
1437 1974 1517 2039 ἀπο-

214 2087 325 2168 λαβὼν
348 2081 584 2169 ἀνεγνάρισευ;
642 2084 692 2158 τίς
716 2077 753 2146 δὲ
775 2092 846 2158 ταῖς
869 2080 1013 2168 ἐπῳδοῖς
1032 2080 1246 2163 μαγγανείαις
1269 2076 1329 2140 τὸν
1347 2076 1424 2158 βίον
1443 2073 1513 2136 δεσ-
1527 2097 1552 2137 ιε

215 2183 378 2266 μούμενυς
434 2179 490 2245 καὶ
513 2191 582 2256 τοῖς
604 2187 665 2244 τοῦ
688 2178 786 2261 ἁγίου
809 2179 981 2256 λειψάνοις
1006 2177 1150 2252 πελάσας
1172 2177 1251 2251 τοὺς
1273 2173 1394 2248 κάλους
1413 2169 1517 2244 εὐθὺς

216 2290 283 2344 τῶν
307 2279 521 2362 καταδεσμῶν
544 2276 605 2341 ούκ
628 2273 775 2362 ἔρρηξεν,

302 2385 430 2450 τούτων
459 2386 575 2449 τοίνυν
604 2393 671 2448 τῶν
700 2391 761 2449 τοῦ
791 2383 889 2466 ἀγίου
923 2383 1105 2467 θαυμάτων
1140 2381 1284 2464 ἀνατολὴ
1315 2377 1376 2464 μὲν
1406 2379 1544 2443 ἀπασαό

213 2485 350 2567 πλήρης,
372 2479 427 2546 καὶ
450 2480 470 2563 η
494 2481 631 2566 Κύπρος
658 2481 754 2564 αὐχεῖ
776 2481 835 2558 τὰς
863 2480 966 2557 ἰάσεις
992 2488 1052 2545 τού
1082 2479 1301 2565 Θεράποντος,
1329 2478 1518 2560 κατακόρως

213 2582 342 2647 τούτων
369 2579 631 2661 ε’ναπυλαύσασα,
721 2577 758 2643 ἐν
784 2569 805 2664 ᾗ
831 2576 886 2644 καὶ
913 2578 1098 2665 ἀνάκτορον
1127 2578 1216 2663 ίερὸν
1238 2586 1284 2664 τῷ
1312 2575 1395 2661 ἁγίῳ
1422 2576 1519 2639 καθί-

216 2681 343 2765 δρυται.
403 2677 470 2743 ἐκεῖ
486 2679 549 2763 γάρ
568 2676 671 2742 αύτοῦ
689 2675 745 2742 καὶ
763 2678 803 2742 τά
821 2679 900 2752 τοὺς
920 2677 1030 2763 ίερούς
1048 2676 1179 2759 ἀγῶνας
1198 2673 1358 2759 δεξάμενα
1416 2681 1520 2737 ταῦτα

219 2777 259 2841 τὰ
281 2775 522 2860 θαυματουργοὶ
545 2772 625 2851 τέως
650 2773 842 2861 ἐπεχωρίαζε
870 2777 1019 2852 λείψανα.
1087 2771 1160 2839 ἀλλ’
1190 2773 1288 2839 ὁπότε
1314 2783 1382 2837 τῶν
1408 2767 1542 2855 ἡμετί-5

217 2898 287 2959 ρων
310 2873 479 2957 ἁμαρτιῶν
500 2873 539 2937 τὸ
561 2876 691 2955 πλῆθος
714 2873 759 2947 ὡς
780 2871 881 2937 πάλαι
906 2874 943 2937 τὸ
966 2871 1059 2957 ὕδωρ
1078 2871 1139 2955 τήν
1157 2880 1221 2955 γῆν
1240 2871 1476 2951 κατεκάλυψεν,

178 2989 182 3000 ’
218 2968 273 3036 καί
297 2972 396 3046 ἀλλος
424 2971 569 3034 ἀλλοθεν
598 2969 743 3052 ἀλλαχοῦ
771 2972 986 3053 μετανίστατο
1082 2966 1138 3033 καὶ
1165 2971 1265 3044 τόπος
1293 2968 1354 3032 ούκ
1376 2963 1418 3051 ἦν
1441 2966 1520 3051 ήμϊν

215 3067 459 3150 καταπαύσεως,
532 3073 800 3148 συγκακοπαθείν
822 3064 903 3150 ἡμῖν
925 3064 980 3130 καὶ
999 3067 1219 3150 συναπαίρειν
1241 3063 1368 3153 ἐῳκουν
1390 3066 1431 3130 τδι
1453 3075 1521 3128 τῶν

218 3165 323 3250 ἁγίων
346 3165 524 3250 μαρτύρων
546 3163 626 3248 ἡμῖν
650 3164 808 3251 ίερώτατα
832 3167 983 3248 λείψανα,
1047 3163 1157 3247 ὥσπερ
1180 3173 1238 3247 τῆς
1261 3162 1417 3242 ξενιτείας
1439 3178 1520 3245 συμ-

216 3265 384 3347 πάσχοντα
463 3259 519 3327 καὶ
551 3267 853 3345 συγκακουχεῑσθαι
882 3273 1088 3348 χριστιανοῖς
1118 3261 1312 3346 ἀνεχόμενα·
1393 3264 1519 3344 μᾶλλον
1529 3279 1556 3316 10

219 3360 281 3446 γάρ
306 3361 436 3424 εἵλαντο
464 3371 534 3436 τοῖς
560 3370 689 3436 πιστοῖς
717 3370 869 3424 συνεῖναι
898 3357 954 3423 καὶ
985 3361 1184 3443 φεύγουσιν,
1264 3359 1285 3443 ἢ
1312 3360 1520 3442 περιπίπτειν

219 3458 400 3540 βαρβάροις
423 3459 470 3532 είς
493 3457 594 3541 ύβριν
616 3454 670 3520 καὶ
694 3456 831 3532 όνειδος.

306 3562 418 3647 ἐπειδή
448 3564 511 3647 γάρ
540 3564 578 3628 τὸ
608 3571 665 3646 τῆς
684 3559 790 3648 ’Ἁγαρ
818 3561 1016 3648 ἑρπυστικὸν
1042 3565 1151 3648 κύημα
1182 3566 1264 3649 πρὸς
1300 3562 1386 3640 ύψυς
1413 3559 1545 3645 ἀρθὲνκ

217 3660 416 3726 ἐπλατύνωο
494 3658 549 3725 καὶ
572 3660 633 3744 τήν
656 3657 743 3746 ἑῳαν
765 3673 875 3725 πᾶσαν
898 3658 952 3726 καί
976 3667 1149 3746 Αίγυπτον
1229 3668 1275 3748 τῷ
1297 3658 1380 3746 τόξῳ
1403 3657 1458 3724 καὶ
1481 3669 1520 3745 τῇ

217 3759 366 3845 ῥομφαία
388 3757 587 3844 κατατρέχων
610 3759 727 3834 δεινῶς
751 3757 903 3842 ἐληίζετο,
962 3760 1003 3824 τά
1026 3762 1215 3844 ἔμπροσθεν
1240 3759 1395 3844 εὑρίσκον
1417 3758 1521 3842 παρά-

216 3858 330 3922 δεισον
374 3854 429 3920 καὶ
453 3857 505 3920 (τά
528 3856 633 3921 ὀπίσω
655 3856 772 3920 πεδίον
795 3855 1000 3941 ἀφανισμοῦ’
1023 3859 1105 3922 κατά
1126 3858 1163 3922 τὸ
1186 3854 1413 3942 γεγραμμένον
1430 3853 1521 3921 τιθέ-

305 4088 494 4169 μελλόντωυ
521 4082 559 4150 δὲ
588 4086 668 4167 μετὰ
698 4094 803 4151 ταῦτα
833 4097 902 4152 τῶν
932 4094 990 4170 τῆς
1009 4085 1115 4172 ’Ἁγαρ
1145 4075 1229 4151 υίῶν
1259 4089 1430 4169 ληίζεσθαι
1452 4089 1627 4170 τήναεε-εε

218 4183 323 4266 αὐτὴν
357 4190 523 4267 περιφανῆ
557 4183 697 4265 Κύπρον
729 4182 947 4266 ἐμφανισθεὶς
979 4183 997 4248 6
1029 4185 1124 4268 ἅγιος
1159 4182 1244 4262 ἅπαξ
1283 4182 1338 4248 καὶ
1369 4182 1421 4260 δὶς
1452 4196 1522 4260 τοῖς

217 4280 445 4363 φυλάττουσιν
474 4278 578 4343 αὐτοῦ
607 4279 645 4343 τὸ
677 4282 788 4364 τίμιον
817 4283 977 4358 λείψανον
1007 4281 1269 4367 παρεκελεύσατο
1303 4281 1416 4356 αὐτοῖς
1443 4276 1520 4366 ἀραι

215 4374 392 4441 τοῦτοκαὶ
416 4374 452 4440 ἐν
470 4373 565 4463 ἑτέρῳ
588 4379 682 4442 πόλει
709 4378 907 4462 μετενίγκαι.
936 4381 1094 4463 λαβόντες
1117 4375 1180 4445 ούν
1207 4380 1268 4462 τήν
1295 4378 1443 4462 λάρνακα
1465 4375 1556 4444 καὶιε

217 4713 232 4762 7
256 4715 272 4763 4
305 4628 859 4763 ρ,ήέ1ν2ιιύχιρωεωίοτηαδδ.Ε201
886 4632 1156 4702 5πρυσκυνούμεθα
1174 4630 1199 4685 Α
1219 4632 1229 4700 ΙΙ
1256 4635 1311 4700 6,7
1331 4630 1448 4705 ἀλλαχοῦ
1468 4631 1493 4682 A
1511 4631 1522 4704 ΙΙ

234 4753 242 4780 ,
292 4726 325 4762 ο.
359 4726 391 4764 oe
441 4752 447 4778 ‚
