3550 5317
632 314 674 367 De
691 311 871 367 incubatione
892 312 1052 366 christiana.
1453 311 1494 373 97

195 482 224 544 εί
243 480 475 564 διηγησαίμην,
494 475 662 564 χορίτιδάς
680 500 715 541 τε
728 475 783 540 καὶ
802 476 1041 562 ’τριετηρίτιδας
1058 473 1112 539 καλ
1131 476 1189 551 τὰς
1207 473 1260 539 ἐπὶ
1279 483 1336 558 τῆς
1350 478 1496 550 Βαθείας

191 575 246 641 καὶ
270 575 307 640 έν
330 576 630 650 Μενουθίτιδος
653 573 713 653 ἔξω
736 577 915 657 βεβηκυίας
933 574 1024 639 αλδοῖ
1040 596 1075 637 τε
1097 571 1152 637 καλ
1169 573 1363 638 καταστάσει
1381 596 1496 655 γυναι-

191 675 274 760 κεία,
297 677 414 750 πόσοις
437 675 548 756 δγκοις
571 669 717 755 γλώττης
735 670 756 754 ἣ
773 674 865 758 πόσῳ
884 671 999 736 πλάτει
1019 669 1202 748 συντάξεως
1221 668 1340 735 ἑαυτὸν
1363 669 1497 745 ἐπιδοὺς

192 769 244 836 ἐπὶ
268 771 328 836 τὸν
350 768 591 856 προειρημένον
614 769 761 855 ἀριθμὸν
783 769 844 833 τὸν
867 767 1042 852 ἀμύθητον
1070 766 1189 833 ἑαυτὸν
1217 767 1372 832 ἐκδοῦναι
1395 769 1496 850 δυνή-

196 885 307 953 σομαι;
341 867 485 944 Quocum
522 867 608 931 haud
644 865 805 930 discordat
843 864 896 949 Sp.
928 866 966 931 R.
990 863 1040 929 Ill
1058 866 1099 931 81
1130 897 1172 919 =
1200 865 1242 929 M.
1271 864 1408 951 34160,
1440 864 1495 928 ubi

192 964 359 1030 Menuthis
383 966 472 1029 vicus
496 960 638 1046 δυσαγὲς
662 963 847 1027 nominatur
876 962 1035 1028 daemonii
1062 972 1181 1048 κτῆμα,
1210 962 1227 1027 ὃ
1255 971 1312 1046 τῆς
1340 964 1498 1047 δαίμονος

189 1062 338 1150 ὑπῆρχεν
369 1060 544 1146 ε’πάνυμον
573 1059 628 1125 καλ
657 1071 726 1125 τῶν
753 1072 939 1146 μυσαρῶν
966 1062 1067 1144 αὐτῆς
1094 1067 1261 1126 τελετῶν
1292 1061 1414 1146 μιαρὸν
1445 1060 1496 1124 έν-

193 1161 356 1245 διαίτημα.

280 1255 373 1332 Quod
394 1279 470 1321 vero
494 1256 628 1320 maximi
652 1259 701 1320 est
724 1257 879 1320 momenti
903 1260 1030 1320 constat
1053 1257 1137 1320 inter
1165 1279 1275 1321 omnes
1298 1254 1416 1320 Isidem
1439 1278 1497 1339 per

191 1376 338 1418 somnum
363 1354 525 1418 sanavisse
549 1356 707 1438 aegrotos,
730 1354 760 1417 h.
781 1375 805 1417 e.
829 1375 887 1438 per
914 1354 1167 1418 incubationem:
1195 1376 1253 1439 per
1280 1354 1405 1418 somnia
1427 1354 1496 1419 visa

188 1452 379 1516 medicinam
393 1452 568 1536 praebebat
578 1451 724 1534 clareque
734 1451 837 1534 ipsam
852 1472 925 1515 cum
939 1452 1087 1515 remediis
1104 1473 1137 1515 se
1151 1452 1305 1516 offerebat
1317 1450 1495 1538 infirmis1).

189 1549 432 1614 lucubationem
465 1549 505 1612 iis
538 1548 723 1634 regionibus
733 1546 758 1635 ²)
792 1549 945 1613 usitatam
975 1549 1076 1612 fuisse
1108 1553 1247 1614 testatur
1277 1548 1407 1633 Strabo,
1440 1549 1494 1632 qui

189 1644 284 1711 XVII
310 1647 338 1731 l,
355 1648 393 1710 17
418 1670 449 1731 p.
471 1645 534 1710 801
570 1647 608 1709 de
640 1646 719 1709 urbe
751 1645 880 1730 Canopo
911 1648 973 1711 hoc
1002 1647 1137 1729 profert:
1170 1649 1333 1730 Κάνωβος
1362 1645 1394 1711 δ’
1426 1645 1495 1711 ἐστὶ

189 1746 286 1820 πόλις
305 1796 311 1808 .
331 1793 339 1807 .
358 1794 366 1807 .
384 1746 505 1828 ἔχουσα
524 1745 561 1808 τὸ
584 1753 645 1808 τοῦ
669 1745 863 1829 Σαράπιδος
887 1746 979 1831 ἱερὸν
1000 1751 1106 1830 πολλῆ
1134 1745 1283 1831 άγιστείηι
1309 1746 1495 1829 τιμώμενον

189 1839 244 1905 καλ
262 1845 443 1927 θεραπείας
457 1839 609 1926 έκφέρον,
628 1842 711 1906 ὥστε
724 1839 779 1905 καλ
793 1845 872 1918 τοὺς
886 1842 1168 1927 ἐλλογιμωτάτους
1186 1843 1311 1928 άνδρας
1325 1843 1495 1908 πιστεύειν

187 1937 242 2003 καλ
272 1936 534 2024 ἐγκοιμᾶσθαι
564 1939 685 2013 αὐτοὺς
711 1935 795 2024 ὑπὲρ
824 1937 952 2005 ἑαυτῶν
978 1939 999 2023 d
1028 1938 1168 2026 ἑτέρους.
1196 1940 1429 2029 συγγράφουσι
1458 1939 1498 2005 δι’

187 2059 274 2112 τινες
296 2035 351 2101 καλ
374 2039 432 2113 τάς
454 2040 642 2123 θεραπείας.
687 2034 874 2102 Notandum
897 2039 1004 2102 vicum
1019 2035 1189 2101 'Menuthis
1207 2059 1307 2122 prope
1328 2035 1494 2122 Canopum

189 2133 287 2196 situm
309 2134 417 2198 fuisse.
463 2132 656 2219 Accepimus
679 2133 786 2217 ipsum
810 2135 1015 2199 daemonium
1039 2156 1058 2197 a
1081 2135 1199 2199 sanctis
1224 2133 1391 2218 depulsum
1415 2137 1494 2200 vati-

190 2231 332 2294 cinatum
355 2253 424 2295 esse
448 2235 543 2313 atque
566 2230 706 2294 remedia
728 2232 929 2316 praecepisse
943 2237 1010 2296 ‘nec
1038 2253 1104 2296 non
1132 2231 1319 2316 apparuisse
1342 2233 1493 2316 supplici-

187 2328 256 2392 bus.
303 2327 396 2406 Quod
428 2351 485 2412 per
518 2350 666 2392 somnum
697 2327 819 2392 factum
856 2351 926 2393 esse
958 2351 1042 2394 nunc
1079 2328 1208 2412 quidem
1240 2329 1493 2394 concludendum

188 2429 272 2489 esset
295 2426 400 2510 nobis,
424 2426 451 2490 si
475 2425 539 2490 alia
556 2425 743 2490 testimonia
762 2425 941 2491 deficerent.
979 2425 1042 2490 Sed
1060 2427 1122 2490 hoc
1141 2448 1268 2509 quoque
1287 2426 1367 2511 ipsis
1391 2427 1492 2492 oculis

188 2546 301 2609 capere
314 2528 416 2610 potes,
431 2526 458 2588 si
475 2524 627 2608 inspicias
641 2523 754 2607 cyrilli
770 2524 949 2589 orationem
963 2523 1082 2608 inipso
1097 2527 1276 2606 martyrum
1296 2524 1384 2588 cultu
1400 2524 1492 2588 iusti-

189 2623 308 2688 tuendo
323 2623 467 2686 habitam
483 2620 551 2710 (Sp.
559 2622 597 2687 R.
605 2620 654 2686 IV
663 2620 759 2709 abab
777 2621 946 2705 ἡκέτωσαν
964 2626 1081 2687 τοίνυν
1099 2623 1135 2686 οί
1149 2622 1250 2686 πάλαι
1269 2623 1492 2706 πλανώμενοι·

188 2719 399 2806 ἐρχέσθωσαν
423 2723 469 2798 είς
488 2719 654 2804 ἀληθινὸν
671 2717 725 2785 καλ
749 2719 978 2803 άκαπῆλευτον
1002 2722 1160 2806 ἰατρεῖον·
1189 2718 1300 2797 οὐδεὶς
1326 2720 1389 2806 γάρ
1413 2719 1493 2804 ἡμῖν

187 2817 370 2903 ὀνείρατα
397 2819 610 2882 πλάττεται
636 2823 704 2883 κτλ.
750 2815 927 2882 Iucubaudi
955 2817 1057 2902 igitur
1083 2839 1192 2900 usum,
1220 2816 1312 2881 cuius
1340 2816 1425 2900 quod
1452 2818 1493 2881 ad

188 2915 353 2979 ecclesiam
377 2915 586 2980 christianam
609 2916 749 2999 pertinet
768 2915 992 2999 copiosissima
1009 2914 1196 2979 testimonia
1216 2913 1292 2998 Gyri
1310 2917 1343 2978 et
1361 2913 1491 2979 loannis
1526 2987 1529 2990 .

186 3013 280 3078 nobis
303 3013 458 3098 praebent
486 3012 654 3096 miracula,
681 3009 778 3075 iidem
805 3016 963 3098 martyres
992 3013 1032 3075 ab
1060 3009 1145 3076 Iside
1168 3011 1368 3098 Aegyptiaca
1396 3035 1492 3096 quam

187 3157 400 3166 ——--—---.—

280 3245 305 3314 1)
324 3241 522 3308 Diodor.126‚
538 3247 561 3296 3.
578 3247 601 3295 5.
634 3241 720 3295 Plura
739 3241 816 3311 apud
833 3240 998 3296 Drexlenrm
1016 3240 1046 3294 in
1064 3240 1198 3295 Roscheri
1221 3240 1312 3296 lexico
1335 3242 1489 3312 mytholog.

186 3322 212 3376 11
228 3329 241 3375 1
257 3341 283 3391 p.
299 3328 350 3376 522
359 3339 418 3392 sqq.
435 3341 455 3377 s.
471 3341 496 3377 v.
511 3321 571 3376 isis.
591 3354 625 3362 -
644 3321 686 3376 De
703 3321 827 3376 remedio
842 3321 965 3390 quodam
979 3337 1013 3375 ex
1025 3320 1181 3390 Hephaesti
1195 3321 1301 3390 templo
1314 3321 1491 3391 Aegyptiaco

188 3401 331 3471 exscripto
350 3402 421 3456 dicit
439 3401 562 3456 Galenus
581 3401 622 3456 De
641 3401 843 3471 compositione
861 3401 1130 3455 medicamentorum
1147 3417 1197 3470 per
1214 3418 1318 3471 genera
1331 3401 1382 3455 Vt
1396 3403 1416 3454 t.
1427 3402 1491 3455 ΧΠΙ

189 3500 215 3550 p.
235 3487 285 3534 776
305 3481 412 3534 Knehn.
447 3480 508 3545 Qua
526 3497 560 3535 ex
578 3496 608 3534 re
627 3480 795 3534 Meibomius
809 3480 860 3550 (De
874 3480 1055 3535 incubatione
1069 3481 1099 3534 in
1117 3481 1192 3534 fanis
1206 3478 1321 3536 deorum
1334 3480 1491 3535 medicinae

189 3577 275 3614 causa
295 3560 363 3613 olim
376 3560 453 3614 facta
473 3560 514 3630 [in
533 3559 763 3614 dissertationum
781 3560 918 3613 rariorum
932 3561 967 3615 de
985 3561 1205 3630 antiquitatibus
1223 3562 1310 3615 sacris
1323 3562 1353 3613 et
1365 3560 1490 3629 profanis

187 3639 331 3709 fasciculo,
345 3656 428 3707 quem
442 3639 583 3694 recensuit
595 3639 646 3694 Iul.
655 3638 715 3694 Car.
727 3639 877 3710 Schlaeger
889 3641 1094 3696 Helmaestadii
1109 3645 1177 3693 1742
1192 3659 1219 3709 p.
1236 3641 1387 3710 raa-152]
1407 3657 1429 3692 c.
1445 3645 1489 3709 25)

189 3719 327 3774 conclusit
340 3720 371 3772 in
384 3719 540 3790 Hephaesti
552 3735 663 3787 quoque
681 3719 787 3789 templo
805 3718 959 3774 incubandi
977 3739 1058 3774 usum
1077 3719 1225 3774 exstitisse.
1251 3719 1357 3773 Tamen
1372 3718 1490 3772 Kinder-

185 3799 290 3870 lingius
318 3800 375 3855 Der
404 3799 673 3854 Somnambulismus
697 3816 811 3854 unserer
835 3799 898 3854 Zeit
919 3803 971 3854 etc.
997 3820 1024 3870 p.
1046 3807 1079 3854 16
1102 3799 1256 3854 remedium
1278 3797 1351 3852 illud
1373 3800 1490 3852 nonad

186 3880 386 3949 Hephaestum,
407 3879 456 3934 sed
475 3881 512 3933 ad
530 3879 633 3934 isidem
650 3879 790 3948 pertinere
808 3882 900 3949 putat,
919 3881 987 3949 quia
1005 3880 1035 3933 in
1057 3878 1212 3949 Hephaesti
1231 3879 1266 3933 de
1288 3896 1344 3947 quo
1368 3878 1488 3934 diximus
1598 3933 1607 3949 ‚

189 3977 268 4013 sacro
287 3959 369 4013 laidis
389 3962 450 4013 erat
468 3957 552 4029 σηκός
570 3959 809 4030 (Diodor.122‚2
829 3958 920 4032 [μέχρι
938 3968 988 4014 τοῦ
1006 3961 1090 4030 νῦν]).
1119 3959 1286 4014 Coniectura
1303 3976 1359 4014 nou
1377 3962 1489 4013 tautum

186 4038 350 4108 probabilis,
370 4039 419 4093 sed
438 4040 525 4094 etiam
543 4039 700 4094 certissima
718 4039 867 4108 videbitur,
887 4057 951 4093 cnm
973 4039 1049 4108 quod
1067 4038 1294 4109 Kinderlingium
1316 4039 1391 4110 fugit
1409 4039 1489 4094 addi-

186 4117 309 4172 derimus
329 4119 482 4174 remedium
503 4119 597 4189 ipsum
620 4136 638 4172 a
660 4119 766 4174 Gaiano
790 4119 962 4189 descriptum
984 4119 1161 4173 nominatum
1182 4119 1323 4175 fnisse-
1348 4119 1421 4174 ‘Isis’
1442 4121 1489 4191 (cf.

185 4216 212 4267 p.
229 4203 280 4251 7⁷4
299 4197 400 4266 capitis
418 4198 555 4268 titulum)!

276 4280 303 4348 κ)
321 4278 362 4332 De
390 4277 571 4332 incubatione
598 4279 628 4332 in
656 4280 785 4350 Aegypto
813 4279 945 4334 adhibita
976 4280 1104 4334 conferas
1130 4278 1248 4335 Diodori
1275 4281 1368 4335 locum
1395 4279 1488 4332 adhuc

185 4358 346 4429 neglectum
364 4358 434 4425 153,
449 4362 478 4412 8:
503 4357 573 4414 ἔνιοι
601 4356 632 4412 δὲ
659 4356 785 4430 λέγουσιν
813 4360 900 4415 αὐτὸν
922 4359 1072 4431 (Sesoosin)
1100 4360 1155 4414 ὑπὸ
1177 4369 1227 4430 τῆς
1249 4358 1324 4423 ἰδέας
1345 4359 1488 4430 θυγατρὸς

181 4437 326 4506 Ἀθύρτιος
348 4441 568 4508 παρακληθῆναι
590 4440 661 4508 πρὸς
682 4439 733 4509 τὴν
755 4449 811 4494 τῶν
830 4437 902 4496 ὅλων
920 4438 1095 4510 δυναστείαν,
1113 4439 1150 4508 ἣν
1168 4441 1196 4494 ολ
1214 4439 1265 4509 μὲν
1287 4436 1394 4495 συνέσει
1416 4440 1488 4492 πολὺ

184 4528 240 4574 τῶν
259 4518 348 4573 ἄλλων
366 4516 559 4588 διαφέρουσάν
577 4537 646 4587 φασι
665 4519 779 4585 διδάξαι
797 4520 847 4575 τδν
865 4517 973 4589 πατέρα
991 4517 1095 4596 ῥηιδίως
1113 4519 1174 4592 [διν]
1193 4517 1328 4589 ἐσομένην
1340 4519 1391 4587 τὴν
1405 4536 1486 4587 στρα-

185 4596 273 4666 τείαν,
291 4599 318 4652 οἱ
336 4595 368 4652 δέ
387 4608 505 4671 μαντικῇ
524 4597 668 4670 χρωμένην
686 4601 735 4654 καὶ
758 4600 791 4658 τὸ
814 4597 912 4668 μέλλον
934 4601 1048 4660 ἔσεσθαι
1070 4600 1317 4672 προγινώσκουσαν
1339 4598 1369 4653 ἔκ
1391 4617 1421 4653 τε
1438 4607 1487 4668 τῆς

184 4682 302 4748 θυτικῆς
319 4680 367 4733 καλ
385 4687 443 4750 τῆς
461 4679 687 4750 ἐγκοιμήσεως
703 4687 761 4750 τῆς
779 4679 814 4735 έν
832 4689 905 4742 τοῖς
922 4680 1036 4750 ἱεροῖς.

238 4777 380 4834 Dsubnar,
395 4779 423 4819 dc
436 4779 588 4821 incubatione.
