3550 5317
272 310 337 373 106
840 308 933 378 Caput
949 309 997 364 lv.

269 474 412 558 μεννίᾳ
434 474 651 556 διενεγκοῦσα
672 472 777 559 ῥᾷστα
798 474 914 558 κόρρω
936 469 1062 557 ήνέχθη
1089 470 1146 538 καὶ
1172 482 1234 538 τοῦ
1262 473 1449 556 νοσήματος
1475 473 1576 560 ἀρρή-

270 595 333 648 τως
363 573 574 656 λατρευθεῑσα
603 572 693 656 παρὰ
722 579 783 635 τοῦ
811 571 988 656 μάρτυρος.
1032 570 1133 635 Vides
1162 570 1318 634 ieiunium
1348 592 1476 654 quoque
1502 592 1575 635 cum

270 673 431 755 χαμευνίρ
453 668 659 732 coniunctum
683 667 791 752 fuisse,
814 667 853 732 cf.
872 691 903 751 p.
921 668 1016 752 14sq.
1052 667 1182 732 'l'ertius
1201 669 1270 732 dies
1287 668 1343 732 hic
1359 690 1488 752 quoque
1510 670 1575 733 vim

270 767 431 851 quandam
454 765 605 831 exhibere
628 766 765 850 videtur,
787 767 827 830 cf.
852 766 1016 851 18,12s3;
1042 788 1128 830 nono
1151 766 1203 830 die
1229 771 1362 830 sanatur
1387 765 1577 831 Anastasius

271 864 402 949 quidam
426 863 494 951 (15,
507 863 558 950 5),
581 863 744 930 tricesimo
770 863 961 930 Theodorus
990 862 1360 951 paralyticus(16‚13).
1405 863 1453 928 Ut
1479 866 1576 928 ceteri

270 963 372 1026 sancti
390 963 517 1027 anobis
535 963 673 1046 tractati,
692 962 739 1026 ita
757 962 854 1026 etiam
867 961 1039 1046 Therapon
1053 962 1209 1046 superbos
1227 962 1336 1047 punit3
1354 963 1395 1026 cf.
1408 963 1462 1046 22,
1474 964 1576 1046 lsqq7

269 1060 326 1123 ubi
349 1059 465 1125 mulier
487 1061 657 1146 quaedam,
686 1082 767 1143 qnae
791 1060 898 1124 infans
924 1083 945 1123 a
972 1060 1126 1124 daemone
1153 1064 1304 1124 vexatum
1331 1059 1441 1124 irrisui
1470 1060 1576 1145 habet,

269 1159 309 1222 ab
332 1159 445 1224 eodem
468 1159 622 1223 daemone
645 1161 827 1242 occupatur.
852 1197 894 1205 —
917 1156 1061 1222 Ministri
1083 1157 1197 1242 templi
1225 1181 1362 1242 quorum
1386 1158 1421 1224 in
1442 1181 1575 1222 numero

270 1259 430 1342 κρόσμων
466 1256 520 1320 ille
556 1256 722 1320 habendus
759 1259 821 1341 est,
858 1256 915 1340 qui
952 1255 1128 1341 Georgium
1169 1260 1338 1342 aegrotum
1375 1256 1446 1320 oleo
1482 1257 1577 1341 ungit

270 1352 337 1439 (16,
353 1352 455 1440 9sq.),
478 1354 519 1417 ab
542 1353 727 1418 hominibus
751 1354 807 1437 qui
826 1353 860 1418 in
882 1374 973 1418 sacro
991 1354 1203 1418 versabantur
1219 1354 1323 1418 adiuti
1341 1377 1410 1419 esse
1428 1354 1577 1419 videntur

270 1449 338 1536 (15,
354 1449 475 1536 lsqq.).
522 1450 711 1516 Curationes
737 1474 981 1536 nonnumquam
1007 1452 1128 1517 tabulis
1156 1451 1330 1536 inscriptae
1356 1453 1577 1536 proponeban-

270 1553 332 1644 tur,
356 1551 394 1614 cf.
414 1571 495 1633 quae
519 1551 558 1614 de
580 1549 712 1614 Florino
743 1551 793 1634 12,
807 1551 905 1634 22sq.
934 1550 1099 1614 dicrmtur:
1126 1559 1187 1616 τοῦ
1214 1574 1250 1615 τε
1277 1552 1411 1626 πάθους
1436 1548 1491 1615 καί
1519 1559 1577 1633 τῆς

269 1647 462 1734 ἐλευθερίας
479 1649 539 1712 τὸν
556 1645 726 1732 θρίαμβον
745 1648 927 1733 ἐγκήροις
950 1647 1201 1733 ἐστηλίτευσε
1222 1647 1392 1726 πίναξιν.
1429 1646 1577 1712 Occurrit

269 1746 406 1829 denique
429 1746 499 1830 ipsa
518 1769 581 1810 vox
599 1750 856 1812 κατακλίνεσθαι
875 1743 919 1832 (τ.
938 1770 968 1830 p.
984 1743 1073 1832 laq.)
1100 1746 1184 1829 127
1208 1743 1417 1831 (κατεκλίθη)
1437 1749 1469 1809 et
1490 1747 1576 1828 18‚2

270 1842 612 1930 (κατακλινομίνονς);
643 1844 682 1908 cf.
705 1842 865 1927 κατετέθη
900 1843 1060 1928 16,12)3.
1116 1843 1197 1907 Cum
1231 1845 1286 1927 19,
1302 1843 1335 1908 7:
1370 1843 1411 1908 οὐ
1442 1848 1577 1908 κολλῶν

268 1943 518 2028 προσεδριῶν
541 1941 674 2024 ἐδεήθη,
697 1942 736 2006 cf.
755 1965 785 2025 p.
802 1940 893 2025 70,3.

360 2040 460 2104 Vides
483 2039 584 2126 igitur
607 2039 641 2102 in
665 2039 801 2125 singulis
827 2062 955 2124 quoque
981 2039 1196 2124 Therapontis
1223 2039 1378 2104 miracula
1405 2063 1478 2104 cum
1501 2039 1577 2125 Cyri

270 2142 302 2201 et
324 2136 454 2202 Ioannis
477 2137 529 2202 vel
553 2136 686 2202 Cosmae
709 2141 741 2202 et
763 2138 915 2202 Damiani
930 2137 1095 2202 miraculis
1117 2138 1311 2223 consentire,
1333 2143 1430 2222 atque
1453 2141 1576 2222 optimo

269 2236 339 2299 iure
363 2240 486 2320 martyr
516 2235 571 2299 ille
601 2235 635 2299 in
662 2258 773 2300 eorum
801 2241 984 2301 sanctorum
1011 2257 1181 2299 numerum
1209 2237 1322 2300 referri
1348 2240 1469 2321 potest,
1497 2258 1576 2319 quos
1669 2274 1678 2290 ·

270 2356 328 2417 per
358 2334 597 2398 incubationem
624 2334 756 2399 adibant
785 2335 918 2420 aegroti.
962 2334 1076 2417 Neque
1103 2357 1179 2399 vero
1209 2335 1243 2398 in
1272 2335 1334 2400 hoc
1363 2335 1453 2399 cultu
1482 2335 1576 2399 deum

272 2432 431 2517 quendam
455 2432 619 2497 ethnicum
641 2455 811 2516 possumus
835 2433 992 2516 invenire,
1015 2433 1067 2496 cui
1096 2436 1224 2497 sanctus
1251 2432 1446 2497 christianus
1473 2454 1576 2497 succe

271 2531 368 2614 deret,
392 2531 475 2596 sicut
502 2531 668 2596 Dioscuris
696 2531 827 2596 Cosmas
852 2535 883 2596 et
907 2530 1096 2617 Damianus3
1123 2531 1175 2595 cui
1202 2530 1249 2593 rei
1276 2529 1474 2616 indagandae
1500 2553 1577 2594 ansa

270 2651 311 2694 ne
337 2628 471 2694 minima
504 2629 634 2713 quidem
665 2629 844 2714 praebetur.
890 2629 1006 2693 Restat
1037 2632 1074 2692 ut
1106 2651 1169 2712 qua
1199 2629 1234 2693 in
1265 2628 1396 2714 regione
1427 2629 1575 2713 Byzantii

270 2726 483 2812 Therapontis
507 2749 632 2792 sacrum
656 2726 816 2792 exstiterit
840 2749 1030 2811 quaeramus
1056 2747 1116 2791 nec
1142 2748 1208 2791 non
1237 2727 1275 2790 de
1304 2726 1437 2791 Cosmae
1460 2731 1492 2791 et
1514 2726 1577 2790 Da

271 2825 371 2889 miani
393 2825 507 2910 templi
532 2825 598 2890 situ
620 2825 775 2892 nonnulla
804 2825 972 2908 addamus,
1001 2847 1082 2909 quae
1109 2825 1171 2889 hoc
1199 2824 1270 2890 loco
1301 2825 1445 2909 proferre
1473 2823 1577 2910 magis

272 2923 453 2988 existimavi
476 2923 634 2989 idoneum.

359 3021 505 3086 Duorum
519 3022 614 3087 nobis
633 3026 804 3088 occurrunt
823 3022 858 3086 in
876 3021 1090 3106 Therapontis
1109 3020 1253 3085 encomio
1272 3020 1415 3084 locorum
1433 3020 1577 3084 nomina:

271 3118 467 3183 Blachemae
499 3123 531 3184 et
562 3120 662 3184 Elaea
699 3118 770 3207 (12,
789 3117 910 3206 2.,10).
962 3118 1112 3183 Florinus
1148 3116 1280 3182 Italicus
1313 3140 1332 3180 a
1369 3117 1577 3182 daemonibus

272 3221 405 3280 vexatus
429 3217 513 3281 circa
536 3239 664 3282 murum
686 3217 947 3300 Blachemarum,
970 3237 1042 3280 cum
1066 3216 1201 3300 desuper
1228 3215 1263 3278 in
1289 3219 1408 3278 terram
1436 3236 1470 3278 se
1494 3220 1577 3279 esset

271 3314 548 3402 praecipitaturus,
571 3320 683 3400 captus
707 3316 741 3380 in
763 3315 978 3399 Therapontis
1001 3335 1135 3397 sacrum,
1153 3317 1190 3377 ut
1218 3335 1314 3396 supra
1337 3310 1382 3399 (p.
1403 3310 1481 3399 105)
1505 3334 1578 3377 oon-

272 3413 433 3496 clusimus,
457 3414 610 3478 deductus
634 3417 690 3478 est.
736 3414 919 3500 Perlegenti
942 3412 1004 3477 tibi
1026 3411 1216 3476 miraculum
1235 3411 1315 3474 illud
1336 3410 1475 3474 elucebit
1497 3433 1578 3474 mar-

272 3511 354 3594 tyris
387 3510 543 3596 templum
574 3511 661 3575 haud
690 3512 830 3576 multum
862 3535 881 3575 a
910 3533 1003 3575 muro
1032 3510 1159 3574 afuisse.
1206 3509 1288 3574 Cum
1321 3531 1397 3573 vero
1427 3508 1577 3592 martyris

272 3609 426 3693 reliquiae
455 3610 489 3673 in
524 3609 682 3694 Deiparae
716 3631 805 3674 sacro
842 3610 990 3675 conditae
1027 3631 1095 3673 esse
1132 3606 1324 3695 dicantur1),
1365 3605 1577 3671 clarissimum

272 3707 523 3772 Blachernarum
548 3729 673 3773 sacrum
696 3706 948 3792 intellegendum
971 3730 1040 3772 esse
1066 3706 1255 3791 putarem.
1300 3705 1349 3769 De
1377 3703 1478 3768 altero
1506 3702 1576 3766 loco

272 3805 412 3871 iudicare
436 3806 581 3872 difficile:
605 3807 689 3871 idem
712 3804 862 3871 Florinus
882 3827 939 3889 per
958 3827 1106 3870 somnum
1123 3828 1143 3868 a
1162 3807 1272 3868 sancto
1291 3803 1377 3866 huno
1394 3802 1428 3865 in
1447 3801 1577 3866 modum

273 3904 475 3968 admonetur:
498 3907 582 3990 πρὸς
604 3906 664 3970 τὸν
687 3903 863 3990 εὐνατήριον
886 3897 980 3967 οἶκον
998 3911 1057 3985 τῆς
1077 3904 1285 3988 Θεομήτορος
1304 3902 1385 3983 ἵεσο,
1408 3900 1499 3975 ὅστις
1520 3908 1577 3982 τῆς

264 3999 400 4076 -Ἐλαίας
427 4003 721 4088 κροσονομιίζεται·
749 4001 870 4067 αὐτόθι
898 4001 978 4086 γάρ,
1006 4004 1124 4084 φησίν,
1159 4000 1282 4084 λαθήση
1310 4006 1370 4062 τοῦ
1396 3996 1577 4080 πτώματος.

273 4098 433 4163 Exstabat
456 4121 531 4165 sane
555 4100 745 4164 suburbium
767 4099 866 4164 Elaea
889 4097 975 4162 ultra
994 4097 1099 4162 sinum
1123 4093 1264 4182 situm2),
1286 4094 1343 4159 ubi
1366 4094 1463 4159 etiam
1486 4114 1578 4157 mons

364 4300 389 4370 1)
407 4301 520 4356 τουτονὶ
538 4301 587 4356 τὸν
605 4307 655 4371 τής
675 4297 815 4356 Θεοτδκον
834 4301 905 4356 νεὼν
924 4297 1104 4369 ἐκλεξάμενος
1123 4303 1222 4365 10,17.

362 4383 388 4450 2)
409 4381 439 4436 ἐν
463 4382 579 4454 οὐδεμιᾷ
603 4379 634 4435 di
656 4389 713 4436 τῶν
736 4380 815 4445 ἐντὸς
840 4388 889 4450 τῆς
914 4376 1018 4443 πόλεως
1042 4379 1192 4448 ἐκκλησιῶν
1215 4375 1343 4432 ἐτέτακτο
1367 4379 1415 4446 (so.
1436 4372 1579 4436 Σισίννιος

272 4460 474 4532 πρεσβύτερος),
493 4459 552 4515 ἀλλ’
575 4461 605 4516 ἐν
624 4459 778 4534 προαστείῳ
791 4469 841 4530 τῆς
858 4457 1186 4527 Κωνσταντινοοιτόλεως,
1201 4449 1223 4530 ᾧ
1239 4457 1386 4524 ἐκδιννμον
1400 4453 1510 4523 Ἐλαία,
1527 4455 1578 4524 τὴν

274 4540 426 4611 ἱερωσύνην
449 4539 630 4610 ἐκεκλήρωτο,
655 4538 724 4609 ὅπερ
746 4542 917 4609 καταντικρὺ
940 4538 991 4609 μέν
1014 4549 1103 4594 κεῖται
1126 4547 1175 4609 τῆς
1197 4536 1302 4600 πόλεως
1327 4537 1400 4591 Socr.
1425 4535 1491 4589 hist.
1513 4533 1578 4589 eccl.

273 4620 324 4676 VII
339 4626 381 4689 26,
397 4627 420 4676 2.
440 4653 475 4662 -
494 4620 563 4676 Cum
587 4620 700 4676 nomine
725 4621 759 4675 cf.
786 4619 879 4676 Συκαί
905 4617 1083 4689 suburbium,
1102 4619 1178 4689 quod
1202 4618 1271 4672 item
1300 4616 1376 4671 ultra
1401 4615 1494 4670 sinum
1519 4616 1580 4670 erat

274 4700 359 4755 situm
378 4699 472 4773 (hodie
491 4701 610 4772 Galata).
