3550 5317
296 336 359 400 130
878 335 1017 390 Laudatio
1402 341 1596 409 19,16-22,3

293 499 437 584 έχεσθαι,
541 500 663 584 ἵναμή
687 501 785 586 σκάζη
809 496 1240 584 κατάμηδένήέντέλεια,
1321 499 1404 566 ἀλλά
1426 499 1528 567 πάλιν
1551 503 1596 580 ὡς

212 635 213 638 ¹
292 597 356 663 ἀπὸ
380 599 512 682 φύσεως
579 595 847 679 ήάναπλάσεως,
907 597 944 663 ἐν
966 600 1143 682 τελειότητι
1210 596 1293 684 μένη
1316 596 1334 662 6
1358 600 1548 685 ἀνθρωπος.

248 708 287 762 20
380 695 528 760 ἐνταῦθα
551 694 717 779 ὑδροπική
738 718 789 772 τις
817 693 974 780 ἐτέθειτο,
1059 694 1114 760 καὶ
1143 696 1262 760 ίδοῦσα
1289 696 1348 761 τὸν
1375 696 1473 779 ἅγιον
1557 708 1597 784 τή

294 796 393 879 σμίλη
417 794 474 870 τάς
501 790 615 876 βάσεις
637 794 740 877 ἀκρας
767 792 1018 878 ἀναστομοῦντα
1047 794 1243 876 διύπνησεν·
1323 787 1366 876 ήν
1389 795 1452 880 γάρ
1475 797 1597 860 καθεύ-

293 892 410 974 δουσα,
496 890 576 956 ὅταν
605 889 844 976 ἐχειρουργήθη
872 892 961 976 παρά
988 899 1049 956 τοῦ
1075 891 1250 976 μάρτυρος.
1336 902 1406 966 τοῖς
1433 888 1469 955 δέ
1497 890 1597 958 ποσίν

291 987 397 1064 εὐθὺς
419 990 499 1072 μετά
522 989 584 1070 τήν
607 987 806 1073 ἐγρήγορσιν
830 986 1030 1053 ἐπινεύσασα
1119 987 1212 1072 ὕδωρ
1241 987 1304 1074 ὁρᾷ
1325 989 1399 1075 πύῳ
1422 987 1477 1053 καὶ
1502 991 1596 1076 ίχῶρι

268 1085 463 1170 εέπίμικτον
529 1085 682 1150 κάτωθεν
705 1085 750 1161 ὡς
773 1086 979 1170 διαρρύσεώς
1000 1109 1092 1161 τινος
1116 1082 1282 1170 ἀπορρέον
1304 1095 1372 1149 τῶν
1394 1087 1532 1168 βάσεων.

288 1184 410 1248 τούτου
434 1179 472 1248 δέ
495 1184 542 1259 είς
565 1180 649 1260 άπαξ
677 1181 920 1259 ἐκκενωθέντος
947 1178 1061 1259 ἀσινὲς
1087 1183 1124 1248 τὸ
1154 1191 1247 1266 σῶμα
1274 1180 1427 1267 κατέστη,
1454 1181 1593 1250 καὶτοῦ

287 1284 430 1363 γυναίου
454 1279 472 1345 6
494 1280 614 1366 ὕδερος
635 1279 671 1344 ἐκ
693 1278 797 1365 μέσου
820 1278 960 1362 ἐγένετο.

378 1380 474 1444 άλλοι
497 1375 534 1442 δέ
556 1381 653 1444 κόσοι
671 1388 712 1464 πή
735 1380 824 1466 νόσῳ
842 1378 945 1464 ταύτη
963 1381 1159 1455 παλαίοντες
1231 1378 1457 1465 ὁμοιοτρόπως
1481 1378 1516 1444 ἐκ
1534 1388 1594 1444 τοῦ

288 1475 387 1559 ἁγίου
409 1479 598 1541 πεπόνθασι
669 1472 724 1540 καὶ
748 1473 912 1560 ῥωμαλέοι
936 1475 1095 1542 ἐντεῦθεν
1117 1475 1330 1560 ἀπήχθησαν;
1402 1475 1474 1542 ἀλλ’
1501 1477 1519 1543 6
1543 1483 1594 1543 λε-

252 1599 279 1638 ω
287 1575 370 1660 πρὸς
392 1571 523 1640 Ιἐκεῖθεν
544 1573 623 1658 ημῖν
646 1572 744 1656 ὑγιής
762 1571 948 1657 διαλέγεται
1005 1571 1124 1662 καὶτῷ
1143 1574 1292 1662 ἐγκωμίῳ
1311 1581 1594 1660 συναριθμεῖσθαι

288 1669 514 1757 προτρέπεται.
593 1670 674 1757 [δρῶ
698 1669 753 1736 καὶ
776 1673 893 1736 παιδία
920 1679 965 1759 τῳ
993 1675 1081 1758 λόγῳ
1104 1683 1365 1757 περισκιρτῶντα
1387 1670 1442 1737 καὶ
1465 1675 1594 1758 μνήμης

287 1766 471 1852 ἀξιωθῆναι
497 1773 666 1852 ζητοῦντα,
689 1771 729 1834 τά
752 1766 813 1853 μὲν
836 1770 1006 1853 δαιμόνων
1029 1766 1256 1853 ἐξαιρεθέντα,
1282 1770 1324 1834 τδι
1350 1767 1387 1834 δὲ
1413 1771 1477 1846 τάς.
1500 1771 1593 1847 όψεις

286 1866 507 1949 ἀπολαβόντα,
530 1865 623 1952 ἕτερα
646 1867 848 1951 παραλύσεις
874 1867 1027 1949 γονάτων
1054 1865 1265 1950 ἀποβαλόντα
1291 1865 1346 1931 καὶ
1374 1868 1458 1932 ἀλλα
1485 1870 1591 1932 ποικί-

287 1970 355 2030 λων
379 1963 646 2049 ἀρρωστημάτων
670 1962 900 2048 ζημιωθέντα]
924 1961 997 2029 ἀλλ’
1024 1966 1053 2028 εί
1079 1973 1183 2029 ταῦτα
1212 1961 1288 2029 καθ’
1320 1965 1358 2028 ἓν
1385 1966 1593 2050 συγγράφειν

250 2086 275 2126 15
286 2059 464 2146 ἐθέλωμεν,
510 2060 528 2126 6
546 2074 610 2138 πάς
633 2062 717 2146 ἡμᾶς
740 2061 931 2146 ἐπιλήψεται
954 2064 1074 2147 χρόνος
1096 2064 1181 2150 τῷδε
1199 2070 1245 2149 τῷ
1265 2061 1473 2148 ἐγχειρήματι
1490 2080 1591 2149 προσ-

285 2157 470 2244 ἀνέχοντας.

372 2257 467 2334 έλκος
489 2256 600 2344 ἕτερος
624 2253 712 2343 εἶχεν
733 2258 913 2343 ὑπόμαζον,
993 2256 1030 2322 ἐν
1053 2260 1243 2343 σχολαρίοις
1265 2255 1303 2323 δὲ
1325 2256 1524 2342 κατελέγετο.

283 2353 338 2420 καὶ
361 2355 424 2442 ὁρᾷ
445 2357 505 2420 τὸν
527 2354 682 2440 ποιμένα,
706 2356 793 2421 οὕτω
816 2358 880 2441 γάρ
905 2353 984 2420 δέον
1005 2361 1120 2420 καλεῖν
1141 2355 1202 2420 τὸν
1224 2363 1285 2419 τοῦ
1303 2359 1461 2440 ποιμνίου
1483 2361 1591 2432 καλῶς

283 2452 518 2538 ἀντεχόμενον,
573 2452 685 2530 ἁπλῶς
707 2453 770 2540 δρᾷ
790 2455 849 2520 τὸν
871 2451 1014 2537 ποιμένα
1039 2454 1233 2538 Θεράποντα
1286 2462 1417 2539 κηρωτή
1440 2455 1477 2519 τὸ
1496 2452 1589 2530 ἕλκος

248 2552 438 2635 εοίύμενον,
529 2551 547 2614 6
574 2549 629 2616 καὶ
660 2550 806 2634 ἐγεγόνει
837 2550 874 2615 ἐν
900 2550 1076 2636 πράγματι.
1165 2548 1221 2615 καὶ
1248 2548 1323 2635 μεθ’
1355 2549 1476 2637 ἡμέρας
1505 2563 1589 2628 σῶος

243 2652 278 2707 21
288 2646 412 2733 εὑρέθη
436 2645 490 2712 καὶ
515 2649 669 2734 άτρωτος,
746 2649 791 2725 ὡς
813 2645 897 2733 μηδὲ
920 2647 1025 2731 οὐλήν
1048 2647 1083 2713 ἐκ
1106 2656 1167 2713 τοῦ
1189 2648 1375 2733 τραύματος
1399 2651 1587 2732 φαίνεσθαι.

269 2779 272 2784 ·
373 2746 517 2828 <ἀλλος>
531 2770 582 2822 τις
596 2746 721 2821 ύπατος
782 2743 837 2810 καὶ
853 2746 1020 2829 στομάχου
1037 2748 1155 2821 πόνοις
1168 2769 1203 2810 τε
1221 2744 1276 2810 καὶ
1291 2744 1493 2830 ἀνωμαλίαις
1511 2771 1588 2831 τρυ-

281 2847 419 2928 χόμενος
485 2842 674 2929 ήσπληνὸς
704 2845 790 2931 όγκῳ
821 2842 876 2908 καὶ
906 2841 1067 2927 ἀλγηδόνι
1099 2845 1241 2928 γαστρὸς
1273 2842 1464 2928 ἐνεχόμενος
1530 2854 1588 2928 τής

281 2964 315 3006 τε
337 2945 517 3027 θεραπείας
540 2939 594 3006 καὶ
618 2940 821 3025 ἀνακομιδῆς
843 2943 941 3027 τάχος
964 2941 1026 3006 ούιι
1047 2938 1171 3027 ᾔσθετο
1239 2942 1296 3005 διά
1325 2950 1386 3006 τοῦ
1410 2940 1504 3007 ἐλέου
1527 2951 1587 3007 τού

258 3041 454 3125 ὅμάρτυρος.

370 3138 470 3212 ἀλλος
492 3135 603 3220 ἕτερος
625 3135 795 3224 (Μαρλνος
818 3139 924 3221 ὄνομα
947 3134 1052 3224 αύτῷ)
1075 3136 1158 3221 πρὸς
1180 3145 1220 3222 τή
1245 3135 1378 3222 άφωνίμ
1400 3134 1456 3201 καὶ
1478 3149 1587 3201 πᾶσαν

280 3231 493 3319 ἀφῃρημένος
516 3237 665 3318 ἔμφυτον
687 3237 821 3318 κίνησιν
888 3241 1059 3320 προσῆλθε
1081 3242 1128 3321 τῷ
1150 3236 1317 3319 θεσπεσίῳ
1338 3235 1445 3320 τούτῳ
1469 3236 1585 3318 σεβάσ-

280 3354 365 3415 ματι.
434 3327 504 3395 εἶτα
526 3333 608 3396 κατά
631 3333 668 3397 τὸ
691 3331 757 3396 ὑπὸ
775 3340 836 3396 τοῦ
856 3331 954 3414 ἁγίου
973 3331 1010 3396 ἐν
1028 3331 1169 3416 ὀπτασίᾳ
1187 3326 1307 3416 λεχθὲν
1321 3330 1468 3415 ήλείφθη
1488 3326 1585 3407 οὗτος

278 3436 324 3515 τῷ
355 3439 422 3493 τῶν
453 3430 620 3505 λειψάνων
650 3429 904 3516 ἀπομυρίσματι.
981 3428 1036 3494 καὶ
1064 3439 1163 3494 τοῦτο
1191 3426 1313 3493 παθὼν
1341 3428 1417 3504 ὅλος
1444 3428 1583 3512 γέγονεν

279 3526 376 3609 ὑγιής
399 3527 519 3613 καρδία
542 3525 688 3606 δοξάζων
710 3524 765 3592 καὶ
784 3530 921 3612 στόματι
984 3529 1043 3592 τὸν
1061 3528 1117 3592 διά
1135 3538 1203 3592 τῶν
1222 3525 1327 3609 ἀγίων
1347 3527 1434 3591 Θεὸν
1448 3536 1585 3592 τοιαῦτα

243 3651 269 3691 ω
277 3634 440 3690 ποιοῦντα
463 3626 644 3709 θαυμάσια.

233 3737 271 3791 22
368 3723 428 3788 οὐκ
452 3725 515 3808 ἀρα
539 3721 576 3788 δὲ
600 3719 691 3807 οἶμαι
717 3725 905 3807 προσκόψαι
928 3723 1031 3806 τινάς,
1059 3728 1151 3807 είπερ
1178 3721 1233 3787 καὶ
1261 3719 1356 3800 ξένον
1384 3721 1583 3807 ἐγκαταμίξω

277 3830 323 3908 τῷ
348 3823 435 3908 λόγῳ
459 3822 612 3905 διήγημα.
672 3821 713 3886 οὐ
735 3822 841 3904 μόνον
863 3821 928 3905 γὰρ
953 3827 1053 3903 ίασιν,
1112 3819 1195 3884 ἀλλά
1218 3819 1282 3905 γὰρ
1305 3818 1360 3884 καὶ
1383 3817 1563 3885 ἀσθένειαν

276 3913 353 3982 οίδα
374 3919 434 3982 τὸν
457 3919 554 4001 άγιον
630 3919 713 4003 πρὸς
736 3919 902 4002 σωτηρίαν
925 3915 991 3982 τινΙ
1015 3917 1246 4003 χαρισάμενον.
1315 3917 1366 4000 Ιτὸ
1391 3914 1428 3981 δέ
1451 3919 1582 4000 λεγόμε-

365 4158 398 4207 16
417 4152 505 4223 μηδὲν
523 4154 549 4206 A
580 4154 679 4223 μικρὸν
697 4154 727 4206 Μ
752 4157 756 4223 Ι
782 4159 815 4207 17
838 4153 915 4222 μένει
933 4154 993 4207 AM
1014 4157 1024 4224 Ι
1047 4159 1120 4221 20,1
1144 4152 1259 4222 ἐτέθητο
1279 4153 1338 4206 ΑΜ
1363 4153 1435 4224 γυνή
1454 4153 1518 4207 add.
1534 4152 1579 4225 ΜΙ

275 4239 290 4286 2
310 4233 399 4302 ἄκροις
417 4231 511 4305 βάσεις
529 4234 559 4286 Μ
574 4238 578 4304 Ι
595 4232 740 4290 διύπνισεν
754 4234 784 4286 Μ
800 4237 804 4303 Ι
820 4240 836 4286 3
852 4232 1050 4303 ίερομάρτυρος
1063 4234 1093 4287 Μ
1108 4237 1113 4303 Ι
1130 4239 1145 4287 5
1160 4234 1293 4288 κάθωδεν
1307 4235 1330 4286 A
1348 4237 1352 4303 Ι
1369 4233 1544 4305 διαβρύσεώς
1557 4233 1582 4285 A

274 4312 443 4377 διαυλωνίας
460 4312 490 4367 Μ
506 4319 509 4385 Ι
526 4321 542 4368 6
561 4333 590 4368 τε
610 4317 675 4368 ante
694 4310 725 4368 τό
745 4314 808 4368 add.
829 4314 858 4367 M
881 4316 885 4386 Ι
908 4319 922 4367 7
941 4312 1040 4382 ὕδερος
1059 4314 1088 4366 Μ
1107 4314 1227 4383 όδυρμδς
1245 4314 1269 4366 Α
1291 4316 1295 4385 Ι
1318 4319 1334 4366 9
1354 4312 1520 4384 ἐπήχθησαν
1538 4312 1579 4384 ΑΙ

273 4392 332 4447 ἀλλ’
351 4392 628 4463 -11προτρέπεται
651 4394 753 4448 desunt
776 4393 806 4447 in
825 4394 854 4446 M
879 4397 883 4463 Ι
910 4399 941 4447 11
962 4392 1150 4463 δεροεόδρσι
1170 4394 1234 4448 add.
1254 4394 1284 4446 M
1309 4395 1313 4462 Ι
1334 4399 1367 4446 12
1391 4395 1439 4447 ιιαλ
1463 4395 1528 4446 ante
1546 4392 1581 4444 τά

273 4472 324 4541 μὲν
347 4475 411 4528 add.
425 4474 455 4527 M
482 4477 486 4543 Ι
512 4475 579 4543 ἐξερ.
600 4476 675 4543 δαιμ.
695 4475 725 4527 Μ
750 4477 754 4543 Ι
776 4480 808 4528 13
828 4472 908 4543 ἕτερα
927 4471 1159 4545 -ἀποβαλόντα
1183 4474 1285 4528 desunt
1302 4471 1332 4526 in
1351 4472 1376 4525 A
1401 4476 1406 4542 Ι
1433 4478 1465 4525 15
1485 4469 1579 4525 ἐθέλο-

273 4573 323 4621 μεν
342 4555 395 4626 ΜΙ
421 4561 455 4608 20
474 4553 624 4624 ήμέρανΑ
649 4556 653 4622 Ι
679 4559 711 4607 21
732 4553 836 4624 ἐυρέθη
855 4564 925 4616 σῶος
943 4555 973 4606 Μ
997 4557 1002 4622 Ι
1028 4554 1218 4623 ἅνθρωποςΑ
1242 4555 1248 4623 Ι
1273 4553 1303 4607 ἐν
1322 4557 1360 4626 τῷ
1378 4553 1513 4621 τραύματι
1532 4551 1580 4623 ΑΙΙ

272 4639 347 4704 21,2
367 4633 440 4704 όγιιω
460 4635 575 4704 σκληρὸς
592 4634 622 4686 Μ
638 4636 674 4704 Ι3
693 4653 723 4688 τε
742 4651 795 4688 om.
814 4634 844 4686 M
860 4638 864 4704 Ι
881 4629 975 4688 ἐλαίου
993 4634 1053 4687 AM
1069 4637 1073 4706 Ι
1090 4641 1105 4687 6
1125 4633 1283 4705 σεβάσματα
1302 4632 1327 4685 Α
1343 4636 1347 4702 Ι
1364 4639 1379 4686 9
1395 4631 1580 4704 δοξάσωνΑΙΙ

272 4719 345 4782 22,1
366 4711 444 4784 οίμεν
463 4715 492 4768 Μ
509 4718 513 4784 Ι
529 4713 712 4789 ἐγκαταλήφῳ
731 4715 756 4768 A
772 4717 776 4786 Ι
793 4720 808 4767 2
827 4712 916 4784 μόνον
934 4718 1000 4784 post
1018 4714 1095 4770 ίοισιν
1113 4714 1138 4767 A
