3550 5317
300 309 364 372 100
870 308 962 376 caput
979 308 1025 361 1v.

295 475 425 555 λοιπόν,
448 470 518 536 οὐκ
542 474 638 558 ῦναρ
667 474 715 535 ἔτι
745 471 889 557 14‚174.
929 469 1033 534 Extra
1059 470 1216 553 templum
1244 470 1336 554 vigili
1366 474 1516 556 aegrotae
1543 493 1601 555 pu-

295 574 383 634 teum
418 568 587 654 adgressae
626 579 858 655 παραφανελσα
889 618 896 632 .
935 618 942 632 .
973 567 994 651 ἡ
1026 569 1152 654 μάρτυς
1186 620 1192 632 .
1226 620 1232 632 .
1265 617 1273 632 .
1303 577 1360 651 τῆς
1394 565 1456 652 μὲν
1498 569 1601 654 ὁρμῆς

295 671 416 733 ἔπαυσε
441 720 447 730 .
471 716 478 730 .
502 717 509 732 .
532 665 587 731 καὶ
610 676 713 732 ταῦτα
736 664 773 731 ol
794 667 898 753 ῦπαρ
922 666 993 731 οὐκ
1016 668 1111 751 δναρ
1136 665 1253 752 ἐδρᾶτο
1276 666 1307 749 3,
1324 666 1439 749 142sq.

384 764 464 830 Cum
487 766 656 830 universus
681 763 843 830 Seleuciae
865 763 1006 849 populus
1026 763 1192 828 oculorum
1211 763 1413 849 aegritudine
1422 761 1448 849 ¹)
1472 764 1601 849 adflige-

294 867 396 947 retur,
424 863 444 947 ῆ
472 864 598 949 μάρτυς
627 914 633 926 .
658 912 665 926 .
690 914 696 927 .
724 851 863 945 ἀνοίγει
879 859 1006 946 μὲνέν
1031 869 1078 948 τῷ
1101 861 1202 946 αὐτῆς
1227 861 1355 946 τεμένει
1378 863 1415 926 τὸ
1445 863 1601 947 ἰατρεῖον,

293 968 526 1048 προσκαλεῖται
554 957 592 1025 δὲ
623 970 718 1046 κοινῆ
752 961 878 1036 πάντας
909 960 953 1035 ὡς
983 959 1101 1042 αὐτήν,
1132 957 1182 1025 ἑνὶ
1214 956 1275 1043 μὲν
1306 971 1374 1024 τῶν
1405 961 1601 1042 πασχόντων

293 1069 391 1124 τοῦτο
415 1060 566 1144 νύκτωρ
591 1056 884 1141 διακελευσαμένη,
911 1069 991 1121 πᾶσι
1015 1053 1052 1121 δὲ
1076 1054 1124 1121 δι’
1150 1056 1280 1122 ἐκείνου
1307 1055 1490 1142 κηρύξασα,
1517 1058 1600 1122 ὥστε

293 1166 339 1244 τῷ
362 1156 463 1240 αὐτῆς
481 1159 669 1243 χρησασθαι
688 1161 817 1242 λουτρῷ
835 1156 961 1230 πάντας
978 1157 1058 1230 τοὺς
1075 1163 1121 1242 τῷ
1139 1155 1242 1221 πάθει
1259 1155 1366 1242 τούτῳ
1385 1175 1601 1236 παραπεπτω-

293 1257 391 1331 κότας
413 1253 532 1338 9‚156.

381 1351 481 1415 Fures
510 1350 631 1414 indicat
658 1349 776 1414 Thecla
803 1369 949 1413 necnon
973 1348 1093 1435 locum,
1116 1348 1172 1412 ubi
1198 1348 1363 1414 conditum
1391 1353 1441 1414 est
1463 1350 1600 1420 furtum:

294 1450 495 1534 καταμηνύει
518 1447 573 1513 καὶ
596 1449 656 1513 τὸν
685 1450 789 1513 τόπον
816 1445 870 1511 καὶ
899 1447 937 1511 τὸ
965 1451 1088 1533 χωρίον
1114 1445 1170 1512 καὶ
1197 1449 1256 1512 τὸν
1285 1459 1382 1535 φῶρα
1405 1446 1524 1531 5,148.
1561 1448 1600 1512 cf.

292 1547 362 1610 mir.
383 1550 412 1612 6.
459 1544 646 1630 Comparari
669 1549 778 1630 potest
801 1544 883 1630 illud
905 1566 943 1609 ex
967 1544 1095 1608 iamatis
1113 1543 1298 1628 Epidauriis
1322 1545 1521 1628 miraculum,
1544 1546 1600 1608 ubi

292 1642 502 1728 Aesculapius
525 1666 582 1727 per
606 1665 754 1707 somnum
778 1643 847 1706 viro
872 1641 998 1706 cuidam
1026 1641 1147 1705 indicat
1174 1641 1295 1727 locum,
1323 1665 1386 1726 quo
1414 1643 1501 1706 filius
1529 1643 1599 1707 eius

248 1734 250 1738 ¹
293 1741 379 1805 saxis
402 1741 546 1805 reclusus
570 1744 723 1805 versetur.
747 1764 775 1805 v.
795 1764 825 1825 p.
844 1740 941 1824 37,1.

381 1845 535 1911 Irascitur
553 1847 681 1932 Thecla,
704 1869 776 1911 cum
795 1847 834 1911 de
852 1847 999 1930 potentia
1021 1847 1090 1910 eius
1114 1847 1293 1912 dubitatur:
1316 1847 1600 1932 appropinquant·

292 1945 353 2009 bus
376 1945 515 2009 inimicis
538 1944 712 2028 Dexianus,
736 1946 791 2027 qui
814 1945 928 2028 templi
947 1945 1135 2008 custodibus
1153 1949 1308 2029 praeerat,
1331 1945 1499 2009 thesauros
1517 1966 1599 2008 mar-

291 2043 374 2126 tyris
399 2043 433 2105 in
456 2046 565 2106 tutum
588 2042 723 2106 abstulit
745 2043 865 2106 locum:
889 2043 1031 2118 νυκτὸς
1050 2092 1056 2105 .
1076 2093 1083 2105 .
1102 2042 1366 2127 ἐπιλαβούσης
1388 2043 1542 2128 θορύβου
1563 2065 1598 2106 τε

290 2142 417 2226 πλήρης
440 2135 484 2224 ἦν
510 2139 529 2204 δ
558 2141 641 2217 νεὼς
667 2138 722 2204 καὶ
749 2149 893 2226 ταραχῆς
918 2139 973 2204 καὶ
1001 2144 1081 2224 βοῆς
1108 2149 1166 2225 τῆς
1192 2142 1359 2226 μάρτυρος
1386 2142 1454 2205 άνοι
1482 2164 1517 2204 τε
1543 2138 1598 2204 καλ

289 2238 376 2302 κάτα
407 2236 692 2320 διαθεούσηςτκαλ
719 2245 1005 2323 καταφρονεῖσθαι
1036 2239 1125 2324 παρὰ
1158 2246 1218 2303 τοῦ
1246 2237 1412 2316 Δεξιανοῦ
1439 2238 1599 2320 λεγούσης

291 2335 336 2410 ὡς
359 2333 532 2412 ἀσθενοῦς
556 2386 563 2401 .
586 2385 593 2398 .
619 2345 752 2400 ,ταῦτα
774 2347 841 2400 τῶν
864 2337 965 2400 ἔνδον
992 2332 1080 2410 τινδς
1106 2338 1180 2400 τότε
1206 2336 1490 2400 καθευδουσῶν
1516 2356 1598 2419 παρ-

289 2431 403 2498 θένων
424 2431 480 2497 καὶ
506 2441 676 2517 μαθοῦσαι
699 2431 754 2497 καὶ
776 2429 852 2520 παρ’
876 2432 977 2517 αὐτῆς
995 2441 1052 2515 τῆς
1070 2433 1236 2519 μάρτυρος
1255 2432 1436 2498 ἀκούσασαι
1455 2432 1596 2518 ῦπαρ...

292 2529 499 2596 ἀπελθοῦσαι
527 2531 635 2595 πάντα
657 2539 701 2616 τῷ
726 2529 878 2618 Δεξιανῷ
902 2530 1105 2614 ἀπήγγειλαν
1127 2536 1194 2595 κτλ.
1220 2530 1271 2614 17,
1287 2531 1351 2595 180
1360 2553 1407 2614 sq.

378 2635 518 2721 Impedit
541 2640 666 2719 martyr
688 2658 728 2699 ne
753 2638 824 2719 quis
848 2638 882 2699 in
906 2658 996 2699 sacro
1020 2659 1078 2700 suo
1103 2636 1288 2720 sepeliatur:
1315 2636 1395 2722 μήτε
1424 2639 1487 2723 γάρ
1511 2633 1600 2702 εἶναι’

290 2757 322 2797 τι
344 2734 461 2799 κοινὸν
478 2735 597 2817 τάφοις
615 2731 670 2796 καλ
690 2732 874 2819 εὐκτηρίοις
894 2739 1007 2816 οῐκοις,
1030 2735 1118 2817 πλῆν
1140 2737 1170 2798 εἰ
1187 2737 1232 2818 μη
1257 2759 1307 2812 τις
1325 2737 1389 2818 άρα
1406 2733 1461 2801 καὶ
1480 2736 1596 2821 νεκρὸς

290 2833 435 2914 γεγονὼς
459 2833 503 2915 μῆ
528 2837 578 2915 ελη
601 2831 729 2916 νεκρὸς,
752 2830 835 2896 άλλδι
860 2834 895 2916 ζῆ
919 2855 954 2895 τε
976 2839 1022 2918 τῷ
1044 2835 1115 2919 Θεῷ
1134 2830 1189 2896 καλ
1213 2832 1303 2911 άξιος
1324 2825 1343 2917 ᾖ
1364 2843 1424 2898 τοῦ
1442 2830 1497 2898 καλ
1516 2834 1596 2918 μάρ-

288 2946 387 2993 τυσιν
415 2940 587 2994 συνοικεῖν
616 2926 671 2992 καὶ
699 2929 893 3012 ὁμοστενεῖν
918 2926 1056 3013 15,178.
1102 2929 1257 3014 Epidauri
1285 2952 1343 2993 nec
1369 2931 1452 2994 mori
1479 2930 1597 2994 licebat

287 3048 347 3089 nec
369 3047 481 3109 parere
504 3027 590 3089 intra
613 3048 738 3090 sacrum
761 3027 876 3111 ipsum.
980 3099 983 3102 ⁴

380 3130 457 3196 Non
495 3135 622 3195 tantum
657 3134 761 3196 inesse
793 3132 882 3197 vides
915 3132 1051 3197 Theclae
1085 3134 1260 3217 miraculis,
1293 3136 1447 3215 quantum
1484 3154 1594 3196 eorum

289 3252 369 3313 quos
391 3251 488 3313 supra
506 3230 714 3294 tractavimus
737 3234 929 3316 martyrum,
953 3235 1059 3294 tamen
1082 3230 1211 3314 sufficit,
1234 3234 1271 3294 ut
1294 3232 1486 3314 agnoscatur
1509 3230 1595 3292 simi-

288 3326 401 3390 litudo,
451 3325 587 3390 Accedit
610 3327 706 3410 idque
730 3329 859 3412 gravius
887 3328 974 3411 quod
995 3327 1114 3392 Thecla
1141 3349 1268 3411 quoque
1295 3326 1406 3391 Graeci
1430 3328 1594 3391 daemonis

289 3425 460 3509 occupavit
482 3423 599 3507 locum,
624 3426 679 3507 qui
703 3426 780 3489 olim
805 3425 968 3490 Seleuciae
990 3425 1238 3509 vaticinabatur,
1260 3425 1409 3489 videlicet
1431 3447 1489 3508 per
1512 3447 1594 3489 som-

287 3545 374 3587 num.
424 3522 464 3587 In
487 3522 601 3587 Basilii
624 3522 708 3586 libro
732 3524 766 3585 id
789 3524 910 3609 ipsum,
938 3524 1098 3607 quomodo
1127 3528 1237 3588 sancta
1263 3523 1438 3587 christiana
1464 3523 1592 3587 heroem

289 3620 445 3685 Graecum
466 3618 706 3705 ‘Sarpedonem'
727 3619 894 3706 depulerit,
918 3622 1123 3706 describitur,
1145 3644 1211 3686 non
1233 3621 1371 3684 multum
1393 3620 1472 3684 haee
1495 3621 1535 3684 ab
1554 3622 1593 3683 iis

289 3718 440 3783 differunt
474 3740 555 3801 quae
583 3719 618 3782 in
645 3716 820 3801 Sophronii
848 3717 1050 3802 aliorumque
1076 3721 1205 3804 scriptis
1234 3719 1272 3782 de
1301 3718 1375 3802 Gyri
1402 3717 1593 3800 loannisque

287 3818 423 3880 victoria
442 3816 633 3880 referuntur.
669 3814 777 3898 Atque
796 3817 930 3880 interest
948 3817 1136 3900 discernere,
1155 3820 1188 3880 et
1206 3816 1366 3899 quomodo
1384 3817 1458 3880 viva
1476 3816 1594 3880 Thecla

288 3917 399 3977 contra
426 3915 612 3978 daemonem
640 3913 733 3977 illum
761 3936 795 3977 sc
822 3915 1009 3998 muniverit,
1036 3919 1070 3978 et
1097 3913 1258 3997 quomodo
1289 3914 1447 3976 daemon
1475 3914 1593 3978 Thecla

288 4011 504 4076 adversarium
535 4033 697 4097 paganum
729 4013 933 4096 oppresserit.
979 4011 1127 4075 Alterum
1159 4010 1281 4095 legitur
1307 4033 1337 4094 p.
1359 4011 1421 4074 122
1451 4011 1485 4074 in
1511 4012 1593 4075 vita

378 4278 403 4345 1)
419 4277 632 4345 „Aujourd'bui
645 4293 739 4332 encore
752 4294 788 4332 ον
800 4283 941 4332 reacoatrc
958 4277 1151 4345 frequemmect
1168 4294 1202 4331 cn
1221 4277 1305 4332 (ἔκδυε
1321 4293 1376 4331 rece
1393 4278 1481 4346 eaplce
1499 4276 1592 4345 d’opb·

287 4357 398 4410 ελαλνιια
425 4357 576 4428 ονιῗρλααινα
603 4357 635 4411 de
662 4358 791 4429 l’Eyypte
818 4364 844 4412 et
870 4358 979 4426 appelec
1011 4358 1035 4410 le
1065 4357 1217 4414 bactow
1249 4357 1350 4412 Girard
1382 4356 1590 4426 L¹Asclepieion

289 4435 441 4490 d‘Athenes
460 4455 487 4506 p.
504 4442 587 4506 116,s
607 4437 771 4506 (secundum
784 4440 881 4492 notam
895 4435 949 4491 viri
963 4435 1040 4490 docti
1054 4436 1234 4490 Atheniensis
1248 4435 1478 4507 Anagnostakis).
1508 4436 1590 4491 Cata·

286 4515 367 4584 logus
401 4516 543 4586 Asclepiei
570 4517 763 4588 Atheniensis,
795 4518 844 4572 ubi
878 4518 1077 4570 enumerantur
1108 4517 1234 4572 membra
1265 4517 1295 4569 in
1325 4516 1419 4586 effigie
1449 4515 1589 4584 dedicata,

288 4595 455 4666 ’ὀφθαλμοά
474 4614 572 4652 vocem
597 4597 702 4652 llo-ies
725 4597 863 4667 praebet·
878 4597 913 4651 ef.
934 4595 1035 4650 Girard
1057 4615 1084 4665 p.
1101 4603 1160 4651 116.
1192 4597 1325 4651 Necnon
1344 4595 1376 4648 in
1393 4595 1508 4650 iamatis
1522 4595 1590 4665 Epi-

214 4693 216 4698 ·
287 4674 393 4729 dauriis
412 4693 557 4732 caecorum
575 4694 706 4732 numerus
726 4680 770 4732 est
787 4677 933 4732 maximus.
