3550 5317
621 313 661 368 De
679 313 859 367 incubatione
878 312 1040 368 christiana.
1437 313 1480 376 99

266 478 387 543 Puteus
411 499 511 562 prope
533 475 704 560 templum:
728 477 858 561 ὥρμησε
888 472 949 560 μέν
976 473 1033 562 (sc.
1052 474 1168 540 mulier
1196 473 1341 561 aegrota)
1370 473 1426 540 έπί
1450 479 1485 540 τί

179 597 259 642 ποτε
287 586 355 641 τῶν
382 572 633 661 παρακειμένων
661 574 841 658 φρεάτων
868 573 979 636 mir.3
1009 596 1039 657 p.
1061 572 1132 636 142.
1183 572 1268 636 Fons
1296 595 1316 636 a
1342 576 1483 657 martyre

179 695 331 756 pecorum
354 672 540 757 pestilentia
567 675 679 736 exorta
706 674 850 755 paratur:
872 672 935 754 τὴν
961 672 1023 756 γάρ
1047 671 1091 754 μη
1115 665 1221 735 οὖσάν
1246 692 1326 735 ποτε
1356 671 1484 753 πηγηυ

179 773 258 854 μήτε
280 772 369 857 παρά
391 794 483 846 τινος
500 769 594 855 ἡμῶν
615 768 636 852 ἢ
659 766 801 833 καὶτῶν
822 767 1050 853 παλαιοτέρων
1068 768 1234 852 ὀφθεῖσαν
1253 767 1382 854 ἀθρόον
1405 767 1484 833 άνα-

178 869 299 950 βλύσαι
322 868 559 954 παρασκευάζει
582 917 590 930 .
613 915 620 930 .
645 918 651 930 .
678 865 714 930 ἐν
738 857 825 953 ᾧπερ
849 869 939 952 τόπῳ
962 864 1064 931 πάλιν
1082 865 1183 948 αὐτῆς
1206 865 1275 930 έστι
1293 866 1331 929 τὸ
1350 863 1484 950 τέμενος

180 966 320 1044 21,196.
365 965 555 1031 Lavacrum:
579 965 662 1029 ὥστε
685 973 730 1051 τῷ
754 963 855 1046 αὐτῆς
877 965 1065 1049 χρησασθαι
1089 969 1243 1050 λουτρῷ
1266 962 1384 1046 9,156.

269 1061 475 1149 Columbael)
498 1061 641 1144 aliaeque
672 1082 745 1124 aves
773 1061 808 1124 in
836 1082 926 1125 sacro
954 1060 1090 1126 Theclae
1116 1060 1289 1124 habentur:
1316 1062 1424 1126 πολλά
1446 1084 1484 1143 γε

181 1161 221 1245 δὴ
245 1159 300 1225 καὶ
323 1161 520 1226 ποικίλατὰ
543 1162 719 1244 νεμόμενα·
742 1159 869 1242 κύκνοι,
892 1157 1038 1243 γέρανοι,
1061 1166 1168 1242 χῆνες,
1190 1161 1397 1244 περιστεραί,
1419 1159 1484 1242 ἤδη
1534 1192 1536 1195 ·

180 1254 217 1322 δέ
235 1256 290 1322 καὶ
308 1259 348 1322 τά
368 1257 400 1337 έξ
419 1259 595 1340 Αἰγύπτου
613 1254 666 1322 καὶ
694 1257 850 1339 Φάσιδος,
874 1255 895 1319 δ
915 1306 967 1320 ...
990 1254 1208 1321 ἀνατιθέασιν
1231 1256 1266 1320 οί
1286 1254 1485 1340 ἐπιδημοῦν-

179 1379 231 1432 τες
253 1365 292 1442 τῇ
315 1356 458 1442 μάρτυρι
482 1354 600 1440 8,152.

260 1451 412 1538 ¹Apparet
435 1452 554 1517 Thecla
576 1473 633 1535 per
656 1471 818 1515 somnum:
840 1448 961 1534 Alypio
985 1454 1117 1536 aegroto
1144 1451 1199 1532 qui
1224 1449 1304 1515 adiit
1325 1449 1484 1535 templum

183 1551 472 1635 &asportandos
495 1550 646 1634 νύκτωρ
667 1599 673 1613 .
694 1599 700 1612 .
721 1599 728 1611 .
746 1548 851 1623 εὐθὺς
873 1549 982 1636 ἤρετο,
1006 1549 1056 1613 ὅτι
1079 1571 1113 1613 τε
1136 1547 1256 1633 πάσχοι
1278 1555 1346 1615 κτλ.
1391 1548 1484 1632 Lapi-

181 1649 252 1712 dem
276 1647 305 1712 ei
324 1647 456 1731 praebet
474 1647 528 1712 aul
547 1650 595 1711 ἔτι
619 1643 680 1732 μέν
702 1655 747 1732 τῷ
771 1645 879 1733 ὕπνῳ
903 1649 1119 1731 κατεχόμενος
1142 1644 1249 1711 ἐδόκει
1272 1671 1308 1712 τε
1330 1650 1418 1732 ἔχειν
1432 1698 1439 1711 .
1454 1697 1485 1713 ..

181 1747 226 1822 ὡς
253 1742 290 1810 δέ
319 1744 374 1811 καί
405 1743 576 1829 ἀπηλλάγη
607 1740 668 1829 μέν
697 1752 758 1809 τοῦ
785 1742 914 1808 ύπυου
1007 1795 1013 1809 .
1036 1743 1230 1827 ἠπατησθαί
1259 1767 1295 1809 τε
1317 1743 1408 1822 ἔδοξε
1430 1743 1485 1810 καὶ

183 1843 317 1927 άληθῶς
340 1839 426 1908 εἶναι
449 1845 543 1928 όναρ
573 1843 616 1906 τὸ
645 1843 740 1927 όυαρ
769 1840 821 1924 24,
835 1840 957 1923 200sq.
998 1840 1019 1924 ἡ
1047 1842 1202 1928 μάρτυς.
1227 1891 1265 1906 ..
1294 1841 1485 1926 έφιστάσα

182 1941 335 2026 νύκτωρ
357 1939 413 2006 καὶ
437 1938 601 2025 λαβομένη
625 1964 690 2024 μου
712 1947 773 2003 τοῦ
796 1938 899 2004 ὠτίου
922 1937 977 2003 καὶ
1005 1940 1199 2004 διασείσασα
1225 1937 1280 2003 καί
1308 1943 1355 2016 είς
1383 1941 1486 2026 ἰχῶρα

180 2041 309 2123 βραχὺν
332 2040 392 2103 τὸν
413 2040 521 2104 πάντα
544 2038 729 2103 διαλύσασα
751 2039 858 2102 πόνον
880 2037 934 2120 27,
949 2037 1023 2102 210.

268 2133 392 2200 Indicat
420 2135 561 2200 remedia
587 2157 645 2219 per
673 2157 834 2213 somnum:
864 2133 1008 2212 ἀκούσας
1040 2159 1075 2200 τε
1108 2134 1129 2199 δ
1157 2136 1208 2200 δεῖ
1234 2144 1369 2218 ποιῆσαι
1396 2137 1485 2222 παρὰ

180 2241 238 2316 της
260 2233 426 2319 μάρτυρος
447 2231 502 2298 καὶ
525 2235 665 2316 ποιήσας
682 2230 738 2296 καὶ
757 2230 958 2314 ἀπαλλαγεὶς
976 2241 1036 2298 τοῦ
1054 2234 1240 2316 νοσήματος
1257 2237 1325 2299 κτλ.
1344 2231 1396 2317 25,
1411 2233 1484 2298 206.

270 2329 471 2413 ἐφίστασθαι
496 2329 625 2394 dicitur:
649 2328 767 2412 ἐπέστη
792 2327 933 2413 15,176.
956 2329 1113 2394 ἐπιστᾶσα
1136 2329 1178 2393 ib.
1199 2330 1272 2394 178.
1313 2330 1486 2415 ἐφίσταται

183 2428 321 2510 19,190.
354 2430 436 2513 όναρ
459 2433 650 2512 κεφαλῆφιν
668 2426 785 2508 ε’πέστη
809 2423 864 2511 (ex
882 2425 993 2490 Iliadis
1012 2429 1045 2489 K
1057 2424 1138 2513 496)
1160 2427 1302 2512 20,192.
1326 2427 1486 2512 έφιστάσα

181 2524 233 2607 27,
247 2523 321 2588 210.

269 2621 394 2705 Martyr
420 2621 575 2704 relinquit
602 2624 733 2686 ventum
762 2643 892 2686 suavem
925 2620 980 2709 (cf.
1003 2645 1033 2705 p.
1055 2618 1125 2709 13):
1152 2621 1303 2705 κάπῆλθε
1331 2620 1486 2710 ζέφυρον,

184 2721 228 2797 ὡς
251 2723 367 2805 εἰπεῖν,
390 2719 472 2806 αὐτῇ
496 2723 601 2805 μόνον
619 2720 760 2804 λιγυρὸν
779 2719 962 2804 έμπνέοντα
980 2723 1213 2798 καταλείψασα.
1236 2719 1402 2803 διεγένετο
1425 2718 1487 2805 μὲν

182 2813 244 2883 οὖν
267 2867 274 2881 .
297 2867 305 2882 .
329 2867 336 2882 .
359 2817 442 2900 αὐτὴ
466 2821 551 2902 μόνη
575 2819 619 2893 ὡς
642 2817 679 2883 ἐν
701 2814 765 2904 ἦρι
790 2869 796 2882 .
821 2867 828 2882 .
852 2867 859 2882 .
883 2818 1046 2900 διάγουσα
1070 2817 1188 2902 3,142.

270 2915 422 2999 Sequitur
444 2937 514 2979 eam
537 2914 657 2999 puella:
681 2914 971 3001 προσκαλεσαμένη
996 2912 1033 2980 δέ
1056 2917 1160 3001 κόρην
1183 2917 1228 2992 ὡς
1251 2917 1292 2981 άυ
1314 2940 1390 2981 τινα
1412 2939 1486 2981 παι-

182 3014 299 3097 δίσκην
313 3013 395 3099 αὐτῇ
414 3021 693 3098 παρομαρτούσαυ
712 3016 798 3096 φησί
813 3017 880 3077 κτλ.
899 3012 1018 3098 3,142.
1056 3013 1094 3077 cf.
1113 3011 1297 3097 Aesculapii
1320 3015 1486 3079 ministros

181 3116 214 3175 et
236 3110 394 3196 puerulos.

270 3209 445 3274 Dormiunt
467 3208 571 3272 humi:
595 3211 736 3284 νυκτὸς
766 3205 803 3272 δέ
831 3208 1188 3293 ἐπιλαβούσης...
1212 3210 1401 3296 διηπορεῖτο
1430 3208 1486 3297 (sc.

182 3306 327 3394 aegrota)
342 3357 349 3372 .
364 3356 371 3371 .
387 3359 394 3372 .
408 3305 463 3372 καὶ
486 3303 565 3372 ποτε
587 3304 649 3391 μὲν
670 3309 752 3373 κατὰ
775 3308 815 3371 τά
842 3307 1033 3391 χαμεύνια
1061 3307 1144 3372 αὐτὰ
1167 3306 1486 3394 περιεστρέφετο...

182 3401 261 3470 ποτὲ
284 3401 321 3468 δὲ
343 3403 398 3469 καὶ
422 3404 624 3487 άναπηδῶσα
646 3413 704 3487 τῆς
726 3408 838 3487 κοίτης
855 3409 923 3469 κτλ.
946 3404 1065 3490 3,142.

272 3508 416 3595 Apparet
442 3514 533 3575 extra
561 3510 717 3595 templum
746 3533 839 3575 suum
869 3515 1005 3594 martyr:
1035 3511 1240 3596 ἐφίσταται
1264 3562 1272 3577 .
1296 3564 1303 3576 .
1327 3565 1334 3576 .
1358 3514 1488 3589 τούτοις

182 3611 230 3674 έτι
252 3609 500 3674 καθεύδουσι
520 3606 570 3696 (in
582 3606 695 3695 horto)
715 3660 721 3673 .
738 3660 744 3672 .
760 3660 767 3673 .
786 3610 822 3673 οί
837 3606 874 3674 δέ
972 3608 1030 3694 ὑφ’
1059 3602 1308 3692 ὧνάκηκόεσαν
1325 3615 1488 3675 καταπλα-

184 3705 295 3790 γέντες
317 3712 385 3772 κτλ.
411 3706 550 3791 19,190.

269 3803 482 3870 Asseveratur
504 3804 594 3891 ύπαρ
618 3803 680 3870 οὐκ
702 3807 797 3890 όναρε
826 3804 968 3892 Κάστωρ
998 3829 1048 3883 τις
1082 3856 1088 3869 .
1117 3856 1123 3868 .
1156 3855 1162 3868 .
1189 3802 1257 3868 κατ’
1295 3804 1399 3889 αὐτὴν
1430 3814 1487 3890 τῆς

182 3905 397 3990 πανηγύρεως
419 3899 687 3990 υυκτεγερσίανῖ)
716 3904 795 3981 όψιυ
824 3901 886 3990 ὁρᾷ
913 3904 1070 3987 τοιαύτην
1093 3951 1101 3966 .
1125 3952 1132 3966 .
1155 3951 1162 3965 .
1185 3903 1222 3966 τὸ
1251 3899 1288 3966 δέ
1314 3897 1357 3985 ἦν
1383 3902 1487 3990 ύπαρ

183 4115 242 4185 θεῷ
263 4111 302 4174 είς
324 4113 407 4180 τήνδε
429 4115 480 4184 τὴν
503 4111 697 4184 πραγματείαν
715 4117 879 4184 παρῆλθον,
903 4111 1035 4175 πολλάκις
1060 4132 1093 4182 με
1115 4111 1348 4188 προτρεψαμένῳ,
1371 4113 1487 4184 μάλιστα

183 4190 215 4245 δὲ
233 4199 286 4247 νύν
306 4192 456 4262 ἐναργῶς
474 4193 654 4249 έπιστάντι
673 4213 720 4262 μοι
740 4237 745 4248 .
767 4239 772 4248 .
794 4238 799 4248 .
819 4194 867 4248 καί
886 4192 1038 4264 μονονουχὶ
1052 4194 1211 4248 κελεύσαντι
1224 4203 1312 4248 ταῦτα
1326 4195 1487 4265 συγγράψαι

183 4272 288 4326 Artem.
305 4271 355 4326 On.
370 4273 396 4326 Π
411 4279 444 4326 70
459 4292 485 4343 p.
502 4279 587 4340 168,2
606 4273 736 4327 Hercher.
765 4273 911 4338 Quomodo
925 4273 1105 4344 ampelurgus
1120 4290 1137 4327 a
1151 4273 1308 4329 Protesilao
1322 4292 1372 4328 suo
1387 4274 1487 4345 guber-

182 4354 266 4406 netur
284 4352 376 4406 elucet
394 4368 434 4406 ex.
454 4371 494 4422 gr.
515 4369 529 4408 e
552 4353 686 4424 philostr„
707 4351 826 4407 Heroico
846 4358 898 4406 664
916 4371 942 4423 p.
960 4359 1049 4422 133,1
1074 4353 1171 4422 Kays:
1196 4355 1316 4424 ξυνῆκα,
1340 4351 1382 4408 ὅτι
1405 4373 1486 4423 μετοι-

183 4434 278 4504 βαλεῑν
296 4433 427 4487 κελεύει
445 4452 478 4502 με
495 4432 527 4487 τὸ
545 4441 595 4488 τοῦ
613 4430 677 4505 βίον
696 4441 794 4504 σχῆμα.

274 4515 300 4582 1)
319 4512 483 4567 Columbam
502 4512 606 4567 Thecla
624 4512 783 4568 ministram
801 4530 882 4567 suam
901 4513 1042 4583 nominat,
1061 4531 1146 4584 quam
1165 4516 1221 4568 duo
1245 4516 1372 4583 stuprare
1390 4512 1488 4566 volunt

183 4592 248 4660 viri3
268 4593 371 4660 quibus
390 4593 419 4646 in
437 4594 519 4648 horto
538 4593 653 4648 adsistit
671 4596 782 4649 sancta:
807 4592 847 4655 είς
869 4591 896 4647 τί
917 4639 922 4649 .
943 4636 974 4649 ..
1000 4594 1052 4664 τὴν
1074 4594 1240 4664 περιστερὰν
1262 4593 1314 4662 τὴν
1337 4593 1406 4662 ἐμὴν
1427 4635 1432 4646 .
1453 4636 1458 4645 .
1480 4637 1484 4647 .

184 4674 350 4744 διαφθεῖραι
369 4674 504 4745 βούλεσθε
522 4677 577 4730 κτλ.
599 4680 715 4745 19,190.
962 4678 989 4746 2)
1008 4675 1043 4731 cf.
1057 4694 1084 4744 p.
1101 4681 1134 4728 63
1145 4693 1185 4743 sq.

1240 4761 1273 4819 71
