3550 5317
261 302 304 369 38
839 302 931 371 Caput
946 302 980 355 Π.

261 467 408 551 quamvis
430 488 674 550 nonnumquam
698 465 838 530 occurrit
861 486 924 528 vox
947 465 1146 545 κατάκλισις,
1167 462 1259 525 nullo
1282 484 1358 525 vero
1379 461 1450 526 loco
1471 462 1571 546 signi·

263 564 446 628 ficationem
480 563 570 627 illam
603 562 774 650 exhibetl).
827 562 932 626 Wess.
965 560 1019 627 Gr.
1045 560 1106 627 ZP.
1131 560 1182 645 83,
1200 560 1365 643 aeeesqq.
1396 564 1570 644 postquam

260 662 495 745 praescriptum
523 665 581 747 est,
605 661 683 745 quid
706 660 749 725 sit
772 660 967 744 faciendum,
989 663 1026 723 ut
1048 659 1168 722 femina
1196 657 1352 741 quaedam
1380 658 1415 721 in
1438 658 1569 723 domum

261 763 352 822 tuam
380 759 502 843 veniat,
530 759 690 845 pergitur:
720 756 774 823 aa
803 761 1023 835 κατακλίσεως
1054 757 1185 833 τούτοις
1213 763 1334 840 χρῆσαι
1360 766 1431 831 τοῖς
1458 759 1571 839 λόγοις

263 856 458 943 προστιθείς
481 858 531 923 ὅτι
555 857 754 922 κατάκλινον
777 857 839 939 τὴν
862 852 899 937 Δ
923 855 966 938 ἣν
989 851 1026 936 Δ
1051 852 1109 940 (--
1124 854 1167 935 ἥν
1194 852 1215 936 ἡ
1238 855 1267 917 d.
1292 851 1469 935 ἐγέννησεν
1491 852 1569 940 W.),

264 953 317 1019 ε’τιὶ
342 951 379 1019 dl
402 953 602 1039 ἀναιρέσεως
625 953 699 1037 λέγε
723 953 917 1019 ἀνάσπασον
936 952 1038 1035 αὐτῆς
1056 953 1094 1016 τὸ
1113 960 1243 1035 πνεῦμα
1257 1003 1264 1015 .
1280 1005 1287 1017 .
1303 999 1324 1034 .,
1348 948 1402 1015 ἐπὶ
1424 947 1462 1016 δὲ
1485 951 1570 1017 ὀνει-

264 1063 447 1139 ροκομπῶν
467 1103 473 1115 .
493 1101 500 1117 .
521 1100 543 1135 .,
575 1050 629 1116 ἐπὶ
657 1049 695 1116 dl
725 1050 954 1134 ὀνειραιτήτον
980 1055 1048 1114 κτλ.
1094 1048 1194 1113 Vides
1221 1047 1275 1113 hic
1303 1070 1431 1133 quoque
1458 1070 1570 1113 rocem

262 1150 454 1226 κατάκλισις
477 1171 541 1213 uno
566 1148 678 1213 ordine
706 1146 885 1211 enumerari
909 1168 982 1210 cum
1005 1145 1274 1231 ‘drerporroprrd',
1302 1147 1570 1233 ‘drsrpcrrqrdv'.

262 1247 446 1312 Exstabant
469 1246 570 1332 igitur
594 1247 721 1312 diversa
744 1245 908 1309 actionum
931 1244 1128 1329 magicarum
1151 1265 1281 1329 genera,
1305 1266 1442 1328 quorum
1469 1267 1569 1310 unum

262 1348 331 1407 erat
353 1344 551 1421 κατάκλισις.
589 1344 617 1408 Ε
641 1345 713 1409 loco
732 1344 831 1407 allato
850 1342 955 1406 elucet
968 1343 1160 1409 κατάκλισιν
1174 1343 1333 1427 magicam
1350 1343 1434 1407 nihil
1451 1342 1570 1409 habere

262 1462 335 1506 cum
366 1442 571 1506 incubatione
602 1464 783 1525 commune,
813 1461 890 1525 ergo
923 1461 995 1503 cum
1028 1440 1061 1503 in
1091 1438 1162 1504 loco
1197 1462 1294 1523 supra
1326 1440 1425 1504 citato
1458 1442 1569 1505 eodem

263 1538 359 1603 modo
383 1560 456 1602 oum
479 1540 581 1603 isdem
604 1539 752 1602 terminis
775 1537 932 1602 technicis
955 1537 1182 1623 coniungatur,
1209 1537 1304 1602 nobis
1332 1538 1498 1603 fatendum
1522 1544 1571 1604 est

264 1637 303 1700 de
325 1636 533 1701 incubatinne
556 1637 624 1701 illic
647 1658 774 1720 quoque
797 1636 934 1721 cogitari
957 1656 1023 1700 non
1041 1656 1145 1719 posse.
1187 1634 1347 1712 Quidnam
1365 1635 1451 1700 valet
1473 1637 1570 1701 κατά-

265 1735 393 1810 κλισιςί
443 1733 563 1818 Papyri
595 1733 761 1798 Parisinae
789 1733 880 1797 locus
909 1733 1002 1797 docet
1030 1733 1121 1797 deam
1151 1734 1332 1798 invocatam
1361 1738 1571 1799 κατακλίνειν

262 1830 403 1914 aliquam
427 1832 587 1895 feminam.
635 1830 728 1908 Quod
752 1831 898 1915 sequitur
921 1830 1089 1916 ἀναίρεσις
1111 1830 1261 1896 videlicet
1284 1833 1323 1895 de
1350 1837 1454 1898 morte
1480 1858 1570 1900 usur-

262 1932 372 2011 patur:
391 1928 555 1994 daemonis
569 1928 690 1993 auxilio
701 1929 850 1993 inimicus
864 1928 1065 1993 interficitur.
1103 1929 1224 1994 Probat
1241 1930 1304 1994 hoc
1323 1931 1451 2013 quidem
1473 1957 1570 1999 κατα-

264 2029 392 2091 κλίνειν
420 2027 483 2091 dici
508 2028 546 2092 de
574 2028 740 2111 daemone,
769 2028 824 2111 qui
848 2028 888 2091 ab
912 2027 1043 2091 homine
1071 2028 1210 2111 quodam
1238 2028 1419 2114 invocatur,
1446 2034 1484 2095 ut
1511 2032 1570 2095 ini-

264 2124 384 2188 micum
415 2125 500 2189 lecto
532 2129 729 2209 prosternat,
763 2125 884 2189 scilicet
919 2125 1049 2188 morbo
1086 2125 1248 2190 afficiat.
1300 2126 1439 2192 Videtur
1471 2128 1569 2193 simili

263 2222 358 2287 modo
382 2223 576 2287 deliberasse
600 2223 794 2308 Partheyus,
818 2224 874 2307 qui
897 2223 1034 2287 aiterum
1060 2223 1168 2287 locum
1199 2224 1315 2308 papyri
1351 2225 1569 2290 Berolinensis

264 2344 400 2407 eumque
427 2345 457 2405 p.
475 2320 676 2406 125,188sq.
705 2320 953 2405 inspiciendum:
982 2319 1050 2405 ἐρεῖ
1073 2318 1113 2385 δέ
1136 2336 1189 2385 σοι
1213 2319 1246 2407 (ὁ
1264 2320 1359 2408 θεὸς)
1382 2320 1457 2409 περὶ
1475 2348 1569 2389 κατα-

263 2421 400 2495 κλίσεως
423 2418 607 2504 ἀνθρώπου
631 2418 651 2503 ἢ
671 2421 798 2502 ζήσεται
818 2417 838 2501 ἢ
856 2417 1086 2502 τελ[εντησ]ειι
1108 2418 1171 2483 hoc
1187 2419 1284 2484 modo
1303 2421 1401 2485 vertit
1415 2420 1460 2508 (p.
1477 2421 1569 2510 134):

261 2517 329 2595 „Er
351 2518 434 2580 wirot
459 2518 510 2581 dtr
532 2516 695 2597 Acabaaft
719 2516 812 2599 peteo
834 2515 909 2580 aba
935 2516 985 2579 dte
1011 2515 1191 2581 Krualrbett
1215 2518 1298 2583 οίιιω
1325 2518 1506 2605 Μονοοίωκ,
1533 2522 1570 2585 ob

262 2636 295 2678 er
319 2613 402 2678 teberr
430 2616 501 2679 oder
527 2615 645 2679 sterben
672 2614 779 2678 wird.“
824 2612 970 2688 Quocum
997 2635 1062 2677 non
1095 2613 1290 2681 dissentiunt
1322 2616 1378 2679 alii
1408 2615 1485 2702 loci,
1512 2619 1569 2682 ubi

265 2711 399 2775 verbum
427 2715 638 2776 κατακλίνειν
665 2710 705 2775 ad
732 2715 851 2775 certam
877 2710 1038 2774 actionem
1065 2712 1223 2797 magicam
1251 2713 1494 2799 significandam
1517 2717 1570 2781 ad-

260 2806 433 2895 hibeturfl).
456 2808 579 2893 Itaque,
602 2812 639 2873 ut
662 2809 702 2873 ad
724 2808 831 2873 locum
855 2808 976 2892 dequo
1000 2809 1137 2874 exiimus
1160 2815 1367 2897 revertamur,
1389 2813 1452 2879 hoc
1473 2815 1568 2879 modo

262 2906 355 2970 illum
378 2907 568 2971 vertendum
591 2929 660 2971 esse
683 2910 848 2992 putamus:
871 2912 992 2990 „Atque
1014 2928 1085 2972 ωικι
1111 2909 1285 2994 intraverit,
1312 2912 1478 2995 interropta
1500 2934 1570 2978 eum

263 3006 300 3068 de
323 3025 382 3085 qao
405 3005 493 3087 vetis,
517 3006 553 3069 de
575 3006 774 3083 ιίίνίκολίοκο,
798 3007 834 3069 de
861 3006 1037 3071 ιακικίκκκι
1060 3008 1287 3093 conpositione,
1314 3012 1462 3090 quomodo
1490 3032 1570 3075 som·

261 3103 352 3165 κίκκι
370 3102 467 3166 albat
481 3104 584 3185 possis
602 3103 774 3185 immittere,
797 3104 945 3185 ηκονιοάο
967 3105 1122 3168 comatam
1145 3096 1290 3191 ocrtpibs,
1313 3109 1461 3187 quomodo
1487 3127 1567 3172 som-

262 3200 353 3265 κίκκι
380 3200 523 3281 explices,
558 3202 705 3282 quomodo
733 3202 898 3267 ι’κίκιίοκικ
925 3201 1047 3267 morbo
1076 3200 1269 3289 afficias&
1297 3205 1391 3286 deque
1417 3205 1567 3285 οικιιάικε,

260 3317 340 3377 ηκτοι
363 3298 407 3360 cd
427 3299 582 3379 ικαρίοοκι
604 3299 765 3363 scientium
783 3298 988 3381 ρονίίκοοκί.“

351 3455 376 3522 1)
395 3452 437 3507 De
455 3453 545 3507 Wess.
564 3452 598 3507 N.
619 3452 664 3508 Gr.
684 3454 734 3510 ΖΡ.
751 3462 793 3524 32,
809 3461 859 3510 ³56
870 3474 911 3525 sq.
927 3483 960 3501 =
975 3457 1044 3511 Ken.
1060 3463 1104 3525 95,
1119 3463 1171 3512 348
1182 3476 1222 3527 sq.
1242 3458 1357 3515 difficile
1377 3463 1420 3516 est
1434 3460 1567 3529 iudicare.

261 3531 344 3603 begis
363 3531 438 3587 enim
461 3533 544 3588 haec:
573 3543 704 3603 μαντεῖον
728 3537 855 3605 (μαντιον
878 3539 955 3607 pap.)
978 3531 1024 3591 ἐπὶ
1042 3537 1157 3600 παιδός
1186 3538 1355 3603 κατακλίνας
1377 3543 1570 3611 (κατακλεινας

259 3614 335 3682 pap.)
363 3611 410 3666 aa
432 3613 463 3667 τὸ
490 3612 596 3683 ἔδαφος
618 3612 692 3685 λίνε,
716 3617 764 3670 καί
787 3616 943 3686 φανήσεται
965 3617 1040 3689 αὐτῷ
1062 3616 1180 3673 παιδίον
1202 3619 1383 3691 μελάνχρονν.
1420 3623 1568 3685 Incertum,

260 3694 354 3745 utrum
371 3702 440 3755 τιαῑς
457 3696 660 3764 prosternatur,
680 3712 717 3749 an
735 3698 801 3766 post
815 3694 984 3759 κατακλίνας
1003 3697 1191 3767 supplendum
1210 3699 1247 3752 sit
1266 3701 1391 3768 σεαυτὸν,
1411 3701 1487 3767 quod
1506 3701 1567 3768 qui·

261 3772 325 3825 dem
344 3771 523 3827 verisimilius
542 3774 665 3831 videtur:
685 3792 803 3845 sequens
822 3777 898 3847 αὐτῷ
916 3792 972 3829 non
987 3775 1117 3844 offendit,
1136 3776 1204 3845 quia
1217 3793 1353 3847 personae
1366 3778 1396 3832 in
1409 3779 1567 3850 praeceptis

259 3850 378 3921 magicis
401 3870 459 3906 non
482 3857 613 3909 accurate
636 3854 861 3925 distinguuntur,
886 3854 920 3908 cf.
946 3872 987 3909 ex.
1012 3873 1052 3925 gr.
1072 3855 1173 3909 Abrax.
1195 3861 1259 3923 203,
1275 3862 1393 3925 23sqq.:
1421 3856 1567 3928 χάρασσε

260 3928 441 4003 ἀδαμαντίνην
456 3930 527 4006 λίθῳ
541 3935 607 3996 τοὺς
620 3933 820 4004 ὑποκειμένους
833 3943 1011 4006 χαρακτῆρας
1023 3936 1089 3997 τοὺς
1101 3933 1290 4005 ἀφθίνκτονς,
1305 3936 1320 3990 ὁ
1335 3933 1370 3991 δὲ
1390 3938 1568 4008 χαράσσων

260 4008 332 4063 αὐτὰ
352 4009 419 4064 ἔστω
438 4012 567 4081 καθαρὸς
586 4014 642 4069 ἀπὸ
661 4013 752 4084 πάσης
770 4013 950 4084 ἀκαθαρσίας
967 4019 1023 4069 κτλ.
1060 4016 1102 4069 De
1125 4014 1240 4069 somniis
1260 4019 1336 4071 certe
1354 4033 1410 4072 non
1429 4019 1532 4089 agitur.

350 4091 376 4160 2)
394 4090 484 4145 Wess.
509 4092 555 4147 Gr.
579 4094 629 4148 ZP.
651 4100 698 4163 73,
713 4100 867 4163 2076sqq.:
896 4095 958 4166 dyo
980 4098 1035 4166 (cst
1057 4095 1172 4164 quidem
1195 4095 1304 4166 ἀγωγή,
1328 4115 1402 4166 quae
1420 4100 1509 4157 Wess.
1529 4102 1567 4157 ib.

260 4187 287 4238 p.
304 4174 338 4222 83
358 4169 516 4225 acroatica
536 4172 689 4242 antecedit)
712 4172 744 4227 δὲ
767 4176 816 4229 καί
834 4173 995 4231 κατακλίνει
1017 4176 1066 4230 καί
1089 4177 1291 4245 ὀνειροκομκεῖ
1311 4180 1360 4233 καλ
1383 4178 1493 4251 κατέχει
1520 4184 1567 4237 καλ

259 4248 445 4321 ὀνειραιτητεῖ
463 4253 509 4321 (sc.
530 4251 546 4305 ὁ
569 4250 780 4323 νεκνοδαίμων).
805 4254 842 4308 ib.
859 4260 907 4323 81,
922 4262 989 4310 2441
1001 4273 1074 4324 sqq:
1098 4256 1182 4326 σκευὴ
1206 4257 1381 4328 ἐπιθάματος
1403 4264 1566 4332 σεληνιακοῦ

261 4326 369 4398 ἄγουσα
393 4328 527 4401 άσχίτονς
542 4376 546 4386 .
559 4375 581 4386 ..
598 4330 757 4387 κατακλίνει
785 4332 921 4404 γενναίως
947 4335 995 4389 καί
1023 4335 1137 4405 ἀναιρεῖ
1157 4338 1185 4407 (t)
1212 4338 1342 4410 ίσχνρῶς,
1370 4340 1568 4409 daemonumve

259 4407 416 4478 καλλίστως,
436 4410 620 4480 ὀνειραιτητεῑ
637 4415 813 4480 θαυμαστῶς.
850 4414 888 4468 ib.
904 4420 947 4484 86,
962 4420 1031 4469 2622
1044 4434 1117 4485 sqq:
1141 4420 1258 4491 διαβολὴ
1277 4421 1348 4489 πρὸς
1365 4420 1482 4489 σελήνην
1488 4463 1564 4477 .....

260 4488 334 4559 dyst.
347 4535 351 4544 .
365 4533 384 4558 .,
405 4491 612 4560 ὀνειροκομτιεῑ,
631 4489 800 4561 κατακλίνει,
818 4493 1034 4562 ὀνειροθαίκιει
1054 4499 1096 4567 (t),
1115 4498 1228 4567 ἀναιρεῖ
1244 4502 1273 4569 (1)
1293 4496 1413 4569 ἐχθρούς
1430 4502 1468 4569 (o)
1487 4503 1542 4553 κτλ.

342 4569 373 4638 ’3)
391 4570 456 4625 Non
478 4569 554 4624 recte
576 4569 624 4624 hic
646 4570 806 4641 Partheyus
829 4570 937 4642 ρξ137ι
961 4578 1076 4649 „(frape
1094 4580 1156 4646 ι’λκ)
1175 4580 1246 4633 acob
1268 4581 1317 4635 der
1339 4580 1492 4651 Ηιίλιικρ
1510 4596 1564 4639 νοω

258 4650 475 4719 Κνακλλιιιίιιά,
494 4650 543 4721 qui
561 4647 655 4708 nescio
675 4654 712 4707 an
732 4652 766 4708 de
785 4653 970 4711 incubatione
987 4656 1051 4727 ipsa
1069 4658 1244 4729 cogitaverit.
1282 4718 1288 4733 ⁸
