<?xml version="1.0" encoding="UTF-8"?>
<!DOCTYPE html PUBLIC "-//W3C//DTD XHTML 1.0 Transitional//EN"
    "http://www.w3.org/TR/xhtml1/DTD/xhtml1-transitional.dtd">
<html xmlns="http://www.w3.org/1999/xhtml" xml:lang="en" lang="en">
 <head>
  <title>
</title>
<meta http-equiv="Content-Type" content="text/html;charset=utf-8" />
  <meta name='ocr-system' content='tesseract 3.04.00' />
  <meta name='ocr-capabilities' content='ocr_page ocr_carea ocr_par ocr_line ocrx_word'/>
</head>
<body>
  <div class='ocr_page' id='page_1' title='image "./deincubationeca01deubgoog_0113.png"; bbox 0 0 3550 5317; ppageno 0'>
   <div class='ocr_carea' id='block_1_1' title="bbox 626 344 1488 412">
    <p class='ocr_par' dir='ltr' id='par_1_1' title="bbox 626 344 1488 412">
     <span class='ocr_line' id='line_1_1' title="bbox 626 344 1488 412; baseline 0.015 -13"><span class='ocrx_word' id='word_1_1' title='bbox 626 346 668 400; x_wconf 90' lang='lat' dir='ltr'>De</span> <span class='ocrx_word' id='word_1_2' title='bbox 686 344 867 400; x_wconf 74' lang='lat' dir='ltr'>incubatione</span> <span class='ocrx_word' id='word_1_3' title='bbox 887 346 1047 401; x_wconf 89' lang='lat' dir='ltr'>christiana.</span> <span class='ocrx_word' id='word_1_4' title='bbox 1427 349 1488 412; x_wconf 85' lang='grc'>101</span> 
     </span>
    </p>
   </div>
   <div class='ocr_carea' id='block_1_2' title="bbox 180 507 1502 1374">
    <p class='ocr_par' dir='ltr' id='par_1_2' title="bbox 180 507 1502 1374">
     <span class='ocr_line' id='line_1_2' title="bbox 185 507 1490 598; baseline 0.001 -23"><span class='ocrx_word' id='word_1_5' title='bbox 185 509 333 575; x_wconf 78' lang='lat' dir='ltr'>Theclae:</span> <span class='ocrx_word' id='word_1_6' title='bbox 357 509 540 594; x_wconf 78' lang='grc' dir='ltr'><em>ἐπιτειχίζει</em></span> <span class='ocrx_word' id='word_1_7' title='bbox 563 507 600 574; x_wconf 74' lang='grc' dir='ltr'>δὲ</span> <span class='ocrx_word' id='word_1_8' title='bbox 623 508 744 591; x_wconf 80' lang='grc' dir='ltr'><em>ἑαυτήν</em></span> <span class='ocrx_word' id='word_1_9' title='bbox 770 519 816 596; x_wconf 77' lang='grc' dir='ltr'><em>τῷ</em></span> <span class='ocrx_word' id='word_1_10' title='bbox 845 511 979 594; x_wconf 98' lang='grc' dir='ltr'><em>δαίμονι</em></span> <span class='ocrx_word' id='word_1_11' title='bbox 1006 518 1051 597; x_wconf 75' lang='grc' dir='ltr'><em>τῷ</em></span> <span class='ocrx_word' id='word_1_12' title='bbox 1081 512 1293 597; x_wconf 74' lang='grc' dir='ltr'><em>Σαρπηδόνι,</em></span> <span class='ocrx_word' id='word_1_13' title='bbox 1320 518 1366 598; x_wconf 77' lang='grc' dir='ltr'><em>τῷ</em></span> <span class='ocrx_word' id='word_1_14' title='bbox 1393 535 1490 577; x_wconf 87' lang='grc' dir='ltr'><em>κατα-</em></span> 
     </span>
     <span class='ocr_line' id='line_1_3' title="bbox 183 604 1489 692; baseline -0.001 -18"><span class='ocrx_word' id='word_1_15' title='bbox 183 611 319 692; x_wconf 80' lang='grc' dir='ltr'><em>λαβόντι</em></span> <span class='ocrx_word' id='word_1_16' title='bbox 342 604 403 692; x_wconf 71' lang='grc' dir='ltr'>μὶν</span> <span class='ocrx_word' id='word_1_17' title='bbox 426 609 487 692; x_wconf 84' lang='grc' dir='ltr'><em>τήν</em></span> <span class='ocrx_word' id='word_1_18' title='bbox 510 606 569 672; x_wconf 56' lang='grc' dir='ltr'>ἐπὶγ</span> <span class='ocrx_word' id='word_1_19' title='bbox 586 616 643 691; x_wconf 89' lang='grc' dir='ltr'><em>τής</em></span> <span class='ocrx_word' id='word_1_20' title='bbox 664 609 831 691; x_wconf 76' lang='grc' dir='ltr'><em>θαλάττης</em></span> <span class='ocrx_word' id='word_1_21' title='bbox 853 608 972 692; x_wconf 80' lang='grc' dir='ltr'><em>χηλήν,</em></span> <span class='ocrx_word' id='word_1_22' title='bbox 995 610 1140 684; x_wconf 85' lang='grc' dir='ltr'><em>πολλοὺς</em></span> <span class='ocrx_word' id='word_1_23' title='bbox 1168 605 1205 673; x_wconf 72' lang='grc' dir='ltr'>δὲ</span> <span class='ocrx_word' id='word_1_24' title='bbox 1233 613 1402 673; x_wconf 82' lang='grc' dir='ltr'><em>πλανῶντι</em></span> <span class='ocrx_word' id='word_1_25' title='bbox 1433 608 1489 674; x_wconf 80' lang='grc' dir='ltr'><em>καὶ</em></span> 
     </span>
     <span class='ocr_line' id='line_1_4' title="bbox 182 703 1489 793; baseline 0 -23"><span class='ocrx_word' id='word_1_26' title='bbox 182 706 469 788; x_wconf 87' lang='grc' dir='ltr'><em>όιποβουκολοῦντι</em></span> <span class='ocrx_word' id='word_1_27' title='bbox 497 714 555 788; x_wconf 87' lang='grc' dir='ltr'><em>τής</em></span> <span class='ocrx_word' id='word_1_28' title='bbox 585 709 738 788; x_wconf 83' lang='grc' dir='ltr'><em>πίστεως,</em></span> <span class='ocrx_word' id='word_1_29' title='bbox 768 703 810 769; x_wconf 91' lang='grc' dir='ltr'>δι’</span> <span class='ocrx_word' id='word_1_30' title='bbox 848 705 976 770; x_wconf 79' lang='grc' dir='ltr'><em>ἀκάτου</em></span> <span class='ocrx_word' id='word_1_31' title='bbox 1012 704 1046 793; x_wconf 84' lang='lat' dir='ltr'>(l.</span> <span class='ocrx_word' id='word_1_32' title='bbox 1077 704 1217 791; x_wconf 81' lang='grc' dir='ltr'><em>ἀκοίτης)</em></span> <span class='ocrx_word' id='word_1_33' title='bbox 1249 709 1403 789; x_wconf 80' lang='grc' dir='ltr'><em>ποικίλης</em></span> <span class='ocrx_word' id='word_1_34' title='bbox 1434 705 1489 771; x_wconf 80' lang='grc' dir='ltr'><em>καὶ</em></span> 
     </span>
     <span class='ocr_line' id='line_1_5' title="bbox 181 801 1489 890; baseline 0 -22"><span class='ocrx_word' id='word_1_35' title='bbox 181 805 342 886; x_wconf 76' lang='grc' dir='ltr'><em>κιβδήλου</em></span> <span class='ocrx_word' id='word_1_36' title='bbox 365 805 615 890; x_wconf 79' lang='grc' dir='ltr'><em>χρησμολομίας.</em></span> <span class='ocrx_word' id='word_1_37' title='bbox 661 801 810 866; x_wconf 89' lang='lat' dir='ltr'>Alterum</span> <span class='ocrx_word' id='word_1_38' title='bbox 832 803 866 866; x_wconf 92' lang='lat' dir='ltr'>in</span> <span class='ocrx_word' id='word_1_39' title='bbox 884 803 1048 867; x_wconf 80' lang='lat' dir='ltr'><strong>miraculis</strong></span> <span class='ocrx_word' id='word_1_40' title='bbox 1071 827 1101 888; x_wconf 88' lang='lat' dir='ltr'>p.</span> <span class='ocrx_word' id='word_1_41' title='bbox 1123 803 1200 869; x_wconf 82' lang='lat'>138:</span> <span class='ocrx_word' id='word_1_42' title='bbox 1224 804 1291 888; x_wconf 88' lang='grc' dir='ltr'><em>όίμα</em></span> <span class='ocrx_word' id='word_1_43' title='bbox 1309 827 1344 868; x_wconf 87' lang='grc' dir='ltr'><em>τε</em></span> <span class='ocrx_word' id='word_1_44' title='bbox 1366 806 1489 889; x_wconf 89' lang='grc' dir='ltr'><em>προσή-</em></span> 
     </span>
     <span class='ocr_line' id='line_1_6' title="bbox 182 899 1489 987; baseline -0.002 -20"><span class='ocrx_word' id='word_1_45' title='bbox 182 901 325 985; x_wconf 85' lang='grc' dir='ltr'><em>λασενή</em></span> <span class='ocrx_word' id='word_1_46' title='bbox 355 899 524 987; x_wconf 76' lang='grc' dir='ltr'><em>παρθένος</em></span> <span class='ocrx_word' id='word_1_47' title='bbox 552 911 590 986; x_wconf 83' lang='grc' dir='ltr'><em>τή</em></span> <span class='ocrx_word' id='word_1_48' title='bbox 618 901 709 987; x_wconf 77' lang='grc' dir='ltr'><em>χώρᾳ</em></span> <span class='ocrx_word' id='word_1_49' title='bbox 735 901 838 986; x_wconf 85' lang='grc' dir='ltr'><em>ταότη</em></span> <span class='ocrx_word' id='word_1_50' title='bbox 866 899 921 964; x_wconf 81' lang='grc' dir='ltr'><em>καὶ</em></span> <span class='ocrx_word' id='word_1_51' title='bbox 949 901 1054 983; x_wconf 81' lang='grc' dir='ltr'><em>ήψατο</em></span> <span class='ocrx_word' id='word_1_52' title='bbox 1082 912 1149 966; x_wconf 82' lang='grc' dir='ltr'><em>τῶν</em></span> <span class='ocrx_word' id='word_1_53' title='bbox 1176 902 1280 987; x_wconf 90' lang='grc' dir='ltr'><em>ὁρίων</em></span> <span class='ocrx_word' id='word_1_54' title='bbox 1307 901 1408 984; x_wconf 87' lang='grc' dir='ltr'><em>αὐτής</em></span> <span class='ocrx_word' id='word_1_55' title='bbox 1434 900 1489 966; x_wconf 82' lang='grc' dir='ltr'>καί</span> 
     </span>
     <span class='ocr_line' id='line_1_7' title="bbox 181 994 1488 1085; baseline 0 -21"><span class='ocrx_word' id='word_1_56' title='bbox 181 1000 242 1081; x_wconf 83' lang='grc' dir='ltr'><em>τήν</em></span> <span class='ocrx_word' id='word_1_57' title='bbox 264 1000 416 1085; x_wconf 83' lang='grc' dir='ltr'><em>κορυφήν</em></span> <span class='ocrx_word' id='word_1_58' title='bbox 435 999 559 1081; x_wconf 86' lang='grc' dir='ltr'><em>ταύτην</em></span> <span class='ocrx_word' id='word_1_59' title='bbox 580 996 737 1082; x_wconf 86' lang='grc' dir='ltr'><em>κατέλαβε</em></span> <span class='ocrx_word' id='word_1_60' title='bbox 756 997 947 1063; x_wconf 84' lang='grc' dir='ltr'><em>συνέστειλέ</em></span> <span class='ocrx_word' id='word_1_61' title='bbox 962 1022 997 1064; x_wconf 92' lang='grc' dir='ltr'><em>τε</em></span> <span class='ocrx_word' id='word_1_62' title='bbox 1020 994 1121 1076; x_wconf 87' lang='grc' dir='ltr'><em>αὖθις</em></span> <span class='ocrx_word' id='word_1_63' title='bbox 1143 997 1198 1064; x_wconf 83' lang='grc' dir='ltr'><em>καλ</em></span> <span class='ocrx_word' id='word_1_64' title='bbox 1219 1003 1411 1082; x_wconf 79' lang='grc' dir='ltr'><em>κατεσίνασε</em></span> <span class='ocrx_word' id='word_1_65' title='bbox 1433 998 1488 1064; x_wconf 83' lang='grc' dir='ltr'>καί</span> 
     </span>
     <span class='ocr_line' id='line_1_8' title="bbox 182 1095 1487 1183; baseline 0.002 -22"><span class='ocrx_word' id='word_1_66' title='bbox 182 1095 276 1182; x_wconf 88' lang='grc' dir='ltr'><em>μέχρι</em></span> <span class='ocrx_word' id='word_1_67' title='bbox 300 1105 359 1161; x_wconf 84' lang='grc' dir='ltr'><em>τοῦ</em></span> <span class='ocrx_word' id='word_1_68' title='bbox 379 1105 443 1161; x_wconf 85' lang='grc' dir='ltr'>νῦν</span> <span class='ocrx_word' id='word_1_69' title='bbox 465 1095 683 1180; x_wconf 81' lang='grc' dir='ltr'><em>ἀφωνότατον</em></span> <span class='ocrx_word' id='word_1_70' title='bbox 707 1095 841 1161; x_wconf 75' lang='grc' dir='ltr'><em>ἐκάθισε</em></span> <span class='ocrx_word' id='word_1_71' title='bbox 864 1097 924 1161; x_wconf 87' lang='grc' dir='ltr'><em>τὸν</em></span> <span class='ocrx_word' id='word_1_72' title='bbox 946 1100 1227 1181; x_wconf 85' lang='grc' dir='ltr'><em>πολυφωνότατον</em></span> <span class='ocrx_word' id='word_1_73' title='bbox 1249 1100 1487 1183; x_wconf 76' lang='grc' dir='ltr'><em>χρησμολόγον.</em></span> 
     </span>
     <span class='ocr_line' id='line_1_9' title="bbox 180 1187 1502 1280; baseline 0.003 -24"><span class='ocrx_word' id='word_1_74' title='bbox 180 1193 249 1257; x_wconf 91' lang='lat' dir='ltr'>lam</span> <span class='ocrx_word' id='word_1_75' title='bbox 271 1193 361 1258; x_wconf 84' lang='lat' dir='ltr'>vides</span> <span class='ocrx_word' id='word_1_76' title='bbox 381 1192 570 1258; x_wconf 91' lang='lat' dir='ltr'>daemonum</span> <span class='ocrx_word' id='word_1_77' title='bbox 589 1215 743 1280; x_wconf 82' lang='lat' dir='ltr'>pugnam:</span> <span class='ocrx_word' id='word_1_78' title='bbox 767 1193 861 1257; x_wconf 85' lang='lat' dir='ltr'>facile</span> <span class='ocrx_word' id='word_1_79' title='bbox 879 1193 980 1258; x_wconf 84' lang='lat' dir='ltr'>vineit</span> <span class='ocrx_word' id='word_1_80' title='bbox 998 1198 1123 1278; x_wconf 88' lang='lat' dir='ltr'>martyr</span> <span class='ocrx_word' id='word_1_81' title='bbox 1141 1195 1324 1259; x_wconf 89' lang='lat' dir='ltr'>christiana.</span> <span class='ocrx_word' id='word_1_82' title='bbox 1361 1187 1502 1272; x_wconf 84' lang='lat' dir='ltr'>Quanta</span> 
     </span>
     <span class='ocr_line' id='line_1_10' title="bbox 181 1290 1016 1374; baseline 0.001 -19"><span class='ocrx_word' id='word_1_83' title='bbox 181 1314 253 1355; x_wconf 91' lang='lat' dir='ltr'>cum</span> <span class='ocrx_word' id='word_1_84' title='bbox 276 1290 360 1356; x_wconf 90' lang='lat' dir='ltr'>Iside</span> <span class='ocrx_word' id='word_1_85' title='bbox 384 1290 548 1355; x_wconf 89' lang='lat' dir='ltr'>Menuthis</span> <span class='ocrx_word' id='word_1_86' title='bbox 571 1291 642 1356; x_wconf 84' lang='lat' dir='ltr'>vico</span> <span class='ocrx_word' id='word_1_87' title='bbox 667 1290 799 1374; x_wconf 88' lang='lat' dir='ltr'>depulsa</span> <span class='ocrx_word' id='word_1_88' title='bbox 823 1291 1016 1356; x_wconf 77' lang='lat' dir='ltr'>similitudo!</span> 
     </span>
    </p>
   </div>
   <div class='ocr_carea' id='block_1_3' title="bbox 159 1395 1487 3535">
    <p class='ocr_par' dir='ltr' id='par_1_3' title="bbox 159 1395 1487 3535">
     <span class='ocr_line' id='line_1_11' title="bbox 270 1395 1487 1485; baseline 0 -23"><span class='ocrx_word' id='word_1_89' title='bbox 270 1395 433 1482; x_wconf 80' lang='lat' dir='ltr'>Sarpedon</span> <span class='ocrx_word' id='word_1_90' title='bbox 462 1401 512 1461; x_wconf 91' lang='lat' dir='ltr'>est</span> <span class='ocrx_word' id='word_1_91' title='bbox 539 1397 617 1461; x_wconf 91' lang='lat' dir='ltr'>deus</span> <span class='ocrx_word' id='word_1_92' title='bbox 645 1397 831 1463; x_wconf 91' lang='lat' dir='ltr'>chthonius:</span> <span class='ocrx_word' id='word_1_93' title='bbox 859 1398 929 1482; x_wconf 94' lang='lat' dir='ltr'>ipse</span> <span class='ocrx_word' id='word_1_94' title='bbox 957 1397 1036 1462; x_wconf 90' lang='lat' dir='ltr'>olim</span> <span class='ocrx_word' id='word_1_95' title='bbox 1065 1398 1169 1462; x_wconf 93' lang='lat' dir='ltr'>homo</span> <span class='ocrx_word' id='word_1_96' title='bbox 1193 1396 1322 1485; x_wconf 85' lang='lat' dir='ltr'>natus¹)</span> <span class='ocrx_word' id='word_1_97' title='bbox 1349 1402 1487 1462; x_wconf 87' lang='lat' dir='ltr'>mortem</span> 
     </span>
     <span class='ocr_line' id='line_1_12' title="bbox 179 1494 1486 1583; baseline 0.002 -25"><span class='ocrx_word' id='word_1_98' title='bbox 179 1499 352 1579; x_wconf 73' lang='lat' dir='ltr'>postquam</span> <span class='ocrx_word' id='word_1_99' title='bbox 386 1495 544 1580; x_wconf 86' lang='lat' dir='ltr'>oppetivit</span> <span class='ocrx_word' id='word_1_100' title='bbox 571 1495 661 1559; x_wconf 84' lang='lat' dir='ltr'>iuxta</span> <span class='ocrx_word' id='word_1_101' title='bbox 689 1495 949 1578; x_wconf 88' lang='lat' dir='ltr'>promunturium</span> <span class='ocrx_word' id='word_1_102' title='bbox 982 1494 1182 1583; x_wconf 76' lang='lat' dir='ltr'>sepelitur²);</span> <span class='ocrx_word' id='word_1_103' title='bbox 1210 1495 1344 1561; x_wconf 87' lang='lat' dir='ltr'>daemon</span> <span class='ocrx_word' id='word_1_104' title='bbox 1373 1495 1486 1561; x_wconf 91' lang='lat' dir='ltr'>deinde</span> 
     </span>
     <span class='ocr_line' id='line_1_13' title="bbox 178 1591 1486 1677; baseline 0.002 -22"><span class='ocrx_word' id='word_1_105' title='bbox 178 1591 316 1656; x_wconf 88' lang='lat' dir='ltr'>habetur</span> <span class='ocrx_word' id='word_1_106' title='bbox 338 1596 433 1676; x_wconf 88' lang='lat' dir='ltr'>atque</span> <span class='ocrx_word' id='word_1_107' title='bbox 456 1595 560 1676; x_wconf 83' lang='lat' dir='ltr'>vates,</span> <span class='ocrx_word' id='word_1_108' title='bbox 584 1592 720 1676; x_wconf 90' lang='lat' dir='ltr'>denique</span> <span class='ocrx_word' id='word_1_109' title='bbox 748 1591 838 1659; x_wconf 91' lang='lat' dir='ltr'>deus:</span> <span class='ocrx_word' id='word_1_110' title='bbox 866 1602 987 1658; x_wconf 85' lang='grc' dir='ltr'><em>τοῦτον</em></span> <span class='ocrx_word' id='word_1_111' title='bbox 1015 1596 1132 1658; x_wconf 85' lang='grc' dir='ltr'><em>τοίνυν</em></span> <span class='ocrx_word' id='word_1_112' title='bbox 1160 1596 1304 1677; x_wconf 80' lang='grc' dir='ltr'><em>λαβόντα</em></span> <span class='ocrx_word' id='word_1_113' title='bbox 1331 1592 1386 1659; x_wconf 82' lang='grc' dir='ltr'>καί</span> <span class='ocrx_word' id='word_1_114' title='bbox 1415 1596 1486 1658; x_wconf 90' lang='grc' dir='ltr'><em>δαί-</em></span> 
     </span>
     <span class='ocr_line' id='line_1_14' title="bbox 179 1687 1485 1777; baseline 0.002 -23"><span class='ocrx_word' id='word_1_115' title='bbox 179 1714 280 1773; x_wconf 90' lang='grc' dir='ltr'><em>μονος</em></span> <span class='ocrx_word' id='word_1_116' title='bbox 299 1691 408 1773; x_wconf 87' lang='grc' dir='ltr'><em>όνομα-</em></span> <span class='ocrx_word' id='word_1_117' title='bbox 422 1687 476 1754; x_wconf 81' lang='grc' dir='ltr'><em>καὶ</em></span> <span class='ocrx_word' id='word_1_118' title='bbox 496 1691 693 1777; x_wconf 78' lang='grc' dir='ltr'><em>χρησμῳδοῦ</em></span> <span class='ocrx_word' id='word_1_119' title='bbox 711 1688 765 1754; x_wconf 81' lang='grc' dir='ltr'><em>καὶ</em></span> <span class='ocrx_word' id='word_1_120' title='bbox 785 1691 931 1774; x_wconf 78' lang='grc' dir='ltr'><em>μάντεως</em></span> <span class='ocrx_word' id='word_1_121' title='bbox 950 1694 1064 1775; x_wconf 81' lang='grc' dir='ltr'><em>φήμην</em></span> <span class='ocrx_word' id='word_1_122' title='bbox 1078 1689 1133 1755; x_wconf 85' lang='grc' dir='ltr'><em>καὶ</em></span> <span class='ocrx_word' id='word_1_123' title='bbox 1153 1693 1209 1756; x_wconf 81' lang='grc' dir='ltr'>διὰ</span> <span class='ocrx_word' id='word_1_124' title='bbox 1227 1701 1324 1756; x_wconf 85' lang='grc' dir='ltr'><em>τοῦτο</em></span> <span class='ocrx_word' id='word_1_125' title='bbox 1344 1690 1485 1769; x_wconf 83' lang='grc' dir='ltr'><em>δόξαντα</em></span> 
     </span>
     <span class='ocr_line' id='line_1_15' title="bbox 177 1783 1485 1874; baseline 0.002 -23"><span class='ocrx_word' id='word_1_126' title='bbox 177 1788 265 1873; x_wconf 80' lang='grc' dir='ltr'><em>παρὰ</em></span> <span class='ocrx_word' id='word_1_127' title='bbox 289 1798 358 1864; x_wconf 84' lang='grc' dir='ltr'><em>τοῖς</em></span> <span class='ocrx_word' id='word_1_128' title='bbox 385 1786 538 1870; x_wconf 79' lang='grc' dir='ltr'><em>ἀνοήτοις</em></span> <span class='ocrx_word' id='word_1_129' title='bbox 565 1783 650 1852; x_wconf 82' lang='grc' dir='ltr'><em>εἶναι</em></span> <span class='ocrx_word' id='word_1_130' title='bbox 677 1789 761 1853; x_wconf 86' lang='grc' dir='ltr'><em>θεὸν</em></span> <span class='ocrx_word' id='word_1_131' title='bbox 787 1793 855 1852; x_wconf 88' lang='grc' dir='ltr'><em>κτλ.</em></span> <span class='ocrx_word' id='word_1_132' title='bbox 883 1811 913 1872; x_wconf 90' lang='lat' dir='ltr'>p.</span> <span class='ocrx_word' id='word_1_133' title='bbox 936 1788 1007 1851; x_wconf 84' lang='lat'>138.</span> <span class='ocrx_word' id='word_1_134' title='bbox 1055 1787 1161 1853; x_wconf 84' lang='lat' dir='ltr'>Simili</span> <span class='ocrx_word' id='word_1_135' title='bbox 1184 1788 1280 1854; x_wconf 91' lang='lat' dir='ltr'>modo</span> <span class='ocrx_word' id='word_1_136' title='bbox 1310 1811 1356 1853; x_wconf 85' lang='lat' dir='ltr'>ex.</span> <span class='ocrx_word' id='word_1_137' title='bbox 1380 1811 1426 1874; x_wconf 85' lang='lat' dir='ltr'>gr.</span> <span class='ocrx_word' id='word_1_138' title='bbox 1447 1790 1485 1854; x_wconf 92' lang='lat' dir='ltr'>de</span> 
     </span>
     <span class='ocr_line' id='line_1_16' title="bbox 178 1880 1484 1970; baseline 0.002 -23"><span class='ocrx_word' id='word_1_139' title='bbox 178 1884 363 1967; x_wconf 83' lang='lat' dir='ltr'>Trophonio</span> <span class='ocrx_word' id='word_1_140' title='bbox 393 1884 536 1949; x_wconf 83' lang='lat' dir='ltr'>referunt</span> <span class='ocrx_word' id='word_1_141' title='bbox 569 1885 740 1970; x_wconf 81' lang='lat' dir='ltr'>scriptores</span> <span class='ocrx_word' id='word_1_142' title='bbox 774 1884 895 1950; x_wconf 80' lang='lat' dir='ltr'>Graeci.</span> <span class='ocrx_word' id='word_1_143' title='bbox 946 1884 1082 1970; x_wconf 83' lang='lat' dir='ltr'>Apollo,</span> <span class='ocrx_word' id='word_1_144' title='bbox 1117 1887 1172 1969; x_wconf 87' lang='lat' dir='ltr'>qui</span> <span class='ocrx_word' id='word_1_145' title='bbox 1203 1887 1373 1970; x_wconf 89' lang='lat' dir='ltr'>permultis</span> <span class='ocrx_word' id='word_1_146' title='bbox 1403 1880 1484 1952; x_wconf 89' lang='lat' dir='ltr'>locis</span> 
     </span>
     <span class='ocr_line' id='line_1_17' title="bbox 178 1983 1483 2069; baseline 0.002 -23"><span class='ocrx_word' id='word_1_147' title='bbox 178 1983 306 2047; x_wconf 91' lang='lat' dir='ltr'>oracula</span> <span class='ocrx_word' id='word_1_148' title='bbox 333 1983 487 2047; x_wconf 89' lang='lat' dir='ltr'>chthonia</span> <span class='ocrx_word' id='word_1_149' title='bbox 516 1986 571 2047; x_wconf 92' lang='lat' dir='ltr'>aut</span> <span class='ocrx_word' id='word_1_150' title='bbox 600 1985 761 2067; x_wconf 89' lang='lat' dir='ltr'>oppressit</span> <span class='ocrx_word' id='word_1_151' title='bbox 788 1987 844 2046; x_wconf 89' lang='lat' dir='ltr'>aut</span> <span class='ocrx_word' id='word_1_152' title='bbox 868 2006 926 2048; x_wconf 91' lang='lat' dir='ltr'>suo</span> <span class='ocrx_word' id='word_1_153' title='bbox 954 1985 1085 2048; x_wconf 92' lang='lat' dir='ltr'>nomine</span> <span class='ocrx_word' id='word_1_154' title='bbox 1113 1985 1293 2069; x_wconf 82' lang='lat' dir='ltr'>occupavit,</span> <span class='ocrx_word' id='word_1_155' title='bbox 1322 1983 1483 2050; x_wconf 79' lang='lat' dir='ltr'>Seleuciae</span> 
     </span>
     <span class='ocr_line' id='line_1_18' title="bbox 178 2081 1482 2166; baseline 0.002 -22"><span class='ocrx_word' id='word_1_156' title='bbox 178 2102 319 2164; x_wconf 84' lang='lat' dir='ltr'>quoque,</span> <span class='ocrx_word' id='word_1_157' title='bbox 349 2081 406 2144; x_wconf 92' lang='lat' dir='ltr'>ubi</span> <span class='ocrx_word' id='word_1_158' title='bbox 435 2103 474 2145; x_wconf 82' lang='lat' dir='ltr'>ex</span> <span class='ocrx_word' id='word_1_159' title='bbox 505 2081 738 2164; x_wconf 70' lang='lat' dir='ltr'>antiquissimis</span> <span class='ocrx_word' id='word_1_160' title='bbox 766 2081 966 2166; x_wconf 74' lang='lat' dir='ltr'>temporibus</span> <span class='ocrx_word' id='word_1_161' title='bbox 995 2081 1211 2166; x_wconf 80' lang='lat' dir='ltr'>Sarpedonem</span> <span class='ocrx_word' id='word_1_162' title='bbox 1235 2081 1358 2145; x_wconf 89' lang='lat' dir='ltr'>cultum</span> <span class='ocrx_word' id='word_1_163' title='bbox 1381 2081 1482 2146; x_wconf 89' lang='lat' dir='ltr'>fuisse</span> 
     </span>
     <span class='ocr_line' id='line_1_19' title="bbox 179 2177 1483 2265; baseline 0.002 -24"><span class='ocrx_word' id='word_1_164' title='bbox 179 2182 427 2242; x_wconf 89' lang='lat' dir='ltr'>consentaneum</span> <span class='ocrx_word' id='word_1_165' title='bbox 450 2182 508 2265; x_wconf 73' lang='lat' dir='ltr'>est,</span> <span class='ocrx_word' id='word_1_166' title='bbox 531 2179 597 2242; x_wconf 86' lang='lat' dir='ltr'>vim</span> <span class='ocrx_word' id='word_1_167' title='bbox 621 2201 711 2242; x_wconf 90' lang='lat' dir='ltr'>suam</span> <span class='ocrx_word' id='word_1_168' title='bbox 734 2179 860 2242; x_wconf 78' lang='lat' dir='ltr'>videtur</span> <span class='ocrx_word' id='word_1_169' title='bbox 884 2178 1070 2243; x_wconf 80' lang='lat' dir='ltr'>declarasse.</span> <span class='ocrx_word' id='word_1_170' title='bbox 1116 2177 1279 2262; x_wconf 81' lang='lat' dir='ltr'>Apollinis</span> <span class='ocrx_word' id='word_1_171' title='bbox 1302 2180 1387 2243; x_wconf 93' lang='lat' dir='ltr'>enim</span> <span class='ocrx_word' id='word_1_172' title='bbox 1412 2178 1483 2245; x_wconf 89' lang='lat' dir='ltr'>Sar-</span> 
     </span>
     <span class='ocr_line' id='line_1_20' title="bbox 177 2275 1482 2364; baseline 0.002 -26"><span class='ocrx_word' id='word_1_173' title='bbox 177 2275 308 2358; x_wconf 91' lang='lat' dir='ltr'>pedonii</span> <span class='ocrx_word' id='word_1_174' title='bbox 323 2275 487 2339; x_wconf 91' lang='lat' dir='ltr'>cuiusdam</span> <span class='ocrx_word' id='word_1_175' title='bbox 503 2275 668 2340; x_wconf 89' lang='lat' dir='ltr'>oraculum</span> <span class='ocrx_word' id='word_1_176' title='bbox 683 2275 844 2340; x_wconf 82' lang='lat' dir='ltr'>Seleuciae</span> <span class='ocrx_word' id='word_1_177' title='bbox 864 2277 1027 2340; x_wconf 86' lang='lat' dir='ltr'>exstitisse</span> <span class='ocrx_word' id='word_1_178' title='bbox 1040 2276 1203 2340; x_wconf 89' lang='lat' dir='ltr'>Diodorus</span> <span class='ocrx_word' id='word_1_179' title='bbox 1210 2275 1236 2362; x_wconf 76' lang='lat'>³)</span> <span class='ocrx_word' id='word_1_180' title='bbox 1256 2281 1288 2341; x_wconf 92' lang='lat' dir='ltr'>et</span> <span class='ocrx_word' id='word_1_181' title='bbox 1302 2276 1482 2364; x_wconf 71' lang='lat' dir='ltr'>Zosimus4)</span> 
     </span>
     <span class='ocr_line' id='line_1_21' title="bbox 178 2371 1482 2460; baseline 0.002 -24"><span class='ocrx_word' id='word_1_182' title='bbox 178 2377 430 2437; x_wconf 91' lang='lat' dir='ltr'>commemorant</span> <span class='ocrx_word' id='word_1_183' title='bbox 463 2371 523 2459; x_wconf 72' lang='lat' dir='ltr'>(in</span> <span class='ocrx_word' id='word_1_184' title='bbox 557 2372 679 2437; x_wconf 80' lang='lat' dir='ltr'>Cilicia&#39;</span> <span class='ocrx_word' id='word_1_185' title='bbox 712 2371 836 2460; x_wconf 83' lang='lat' dir='ltr'>Diod),</span> <span class='ocrx_word' id='word_1_186' title='bbox 868 2373 902 2436; x_wconf 94' lang='lat' dir='ltr'>id</span> <span class='ocrx_word' id='word_1_187' title='bbox 939 2374 1024 2456; x_wconf 93' lang='lat' dir='ltr'>quod</span> <span class='ocrx_word' id='word_1_188' title='bbox 1057 2373 1272 2456; x_wconf 86' lang='lat' dir='ltr'>Sarpedonem</span> <span class='ocrx_word' id='word_1_189' title='bbox 1309 2399 1373 2440; x_wconf 91' lang='lat' dir='ltr'>una</span> <span class='ocrx_word' id='word_1_190' title='bbox 1409 2397 1482 2439; x_wconf 91' lang='lat' dir='ltr'>cum</span> 
     </span>
     <span class='ocr_line' id='line_1_22' title="bbox 178 2468 1482 2558; baseline 0.004 -25"><span class='ocrx_word' id='word_1_191' title='bbox 178 2469 330 2554; x_wconf 89' lang='lat' dir='ltr'>ApoHine</span> <span class='ocrx_word' id='word_1_192' title='bbox 358 2468 513 2558; x_wconf 78' lang='lat' dir='ltr'>cultum5)</span> <span class='ocrx_word' id='word_1_193' title='bbox 536 2470 588 2535; x_wconf 87' lang='lat' dir='ltr'>vel</span> <span class='ocrx_word' id='word_1_194' title='bbox 606 2471 724 2536; x_wconf 88' lang='lat' dir='ltr'>rectius</span> <span class='ocrx_word' id='word_1_195' title='bbox 743 2472 802 2536; x_wconf 91' lang='lat' dir='ltr'>sub</span> <span class='ocrx_word' id='word_1_196' title='bbox 821 2469 984 2556; x_wconf 87' lang='lat' dir='ltr'>Apollinis</span> <span class='ocrx_word' id='word_1_197' title='bbox 1008 2475 1202 2556; x_wconf 85' lang='lat' dir='ltr'>potestatem</span> <span class='ocrx_word' id='word_1_198' title='bbox 1225 2472 1390 2537; x_wconf 90' lang='lat' dir='ltr'>redactum</span> <span class='ocrx_word' id='word_1_199' title='bbox 1414 2497 1482 2538; x_wconf 91' lang='lat' dir='ltr'>esse</span> 
     </span>
     <span class='ocr_line' id='line_1_23' title="bbox 159 2568 1481 2656; baseline 0 -21"><span class='ocrx_word' id='word_1_200' title='bbox 159 2570 346 2654; x_wconf 85' lang='lat' dir='ltr'>significat.</span> <span class='ocrx_word' id='word_1_201' title='bbox 392 2568 505 2653; x_wconf 90' lang='lat' dir='ltr'>Itaque</span> <span class='ocrx_word' id='word_1_202' title='bbox 534 2569 630 2634; x_wconf 92' lang='lat' dir='ltr'>etiam</span> <span class='ocrx_word' id='word_1_203' title='bbox 656 2569 719 2632; x_wconf 91' lang='lat' dir='ltr'>hoc</span> <span class='ocrx_word' id='word_1_204' title='bbox 745 2569 816 2633; x_wconf 95' lang='lat' dir='ltr'>loco</span> <span class='ocrx_word' id='word_1_205' title='bbox 845 2568 1034 2653; x_wconf 91' lang='lat' dir='ltr'>Apollineae</span> <span class='ocrx_word' id='word_1_206' title='bbox 1066 2570 1116 2635; x_wconf 84' lang='lat' dir='ltr'>vis</span> <span class='ocrx_word' id='word_1_207' title='bbox 1147 2569 1314 2656; x_wconf 85' lang='lat' dir='ltr'>religionis</span> <span class='ocrx_word' id='word_1_208' title='bbox 1342 2575 1391 2635; x_wconf 90' lang='lat' dir='ltr'>est</span> <span class='ocrx_word' id='word_1_209' title='bbox 1435 2575 1481 2636; x_wconf 87' lang='lat' dir='ltr'>ta-</span> 
     </span>
     <span class='ocr_line' id='line_1_24' title="bbox 175 2665 1481 2754; baseline 0.003 -25"><span class='ocrx_word' id='word_1_210' title='bbox 175 2665 334 2754; x_wconf 79' lang='lat' dir='ltr'>tuenda⁶).</span> <span class='ocrx_word' id='word_1_211' title='bbox 367 2667 488 2732; x_wconf 89' lang='lat' dir='ltr'>Tertia</span> <span class='ocrx_word' id='word_1_212' title='bbox 511 2666 646 2750; x_wconf 90' lang='lat' dir='ltr'>denique</span> <span class='ocrx_word' id='word_1_213' title='bbox 669 2667 748 2731; x_wconf 86' lang='lat' dir='ltr'>vicit</span> <span class='ocrx_word' id='word_1_214' title='bbox 770 2666 889 2731; x_wconf 82' lang='lat' dir='ltr'>Thecla</span> <span class='ocrx_word' id='word_1_215' title='bbox 911 2689 1014 2750; x_wconf 90' lang='lat' dir='ltr'>neque</span> <span class='ocrx_word' id='word_1_216' title='bbox 1038 2672 1148 2732; x_wconf 90' lang='lat' dir='ltr'>tamen</span> <span class='ocrx_word' id='word_1_217' title='bbox 1165 2690 1298 2752; x_wconf 88' lang='lat' dir='ltr'>prorsus</span> <span class='ocrx_word' id='word_1_218' title='bbox 1322 2669 1481 2734; x_wconf 85' lang='lat' dir='ltr'>destruxit</span> 
     </span>
     <span class='ocr_line' id='line_1_25' title="bbox 176 2762 1481 2850; baseline 0.004 -23"><span class='ocrx_word' id='word_1_219' title='bbox 176 2762 368 2847; x_wconf 81' lang='lat' dir='ltr'>Sarpedonis</span> <span class='ocrx_word' id='word_1_220' title='bbox 392 2764 587 2829; x_wconf 88' lang='lat' dir='ltr'>memoriam.</span> <span class='ocrx_word' id='word_1_221' title='bbox 632 2764 718 2830; x_wconf 88' lang='lat' dir='ltr'>Nam</span> <span class='ocrx_word' id='word_1_222' title='bbox 742 2769 911 2848; x_wconf 89' lang='lat' dir='ltr'>superatus</span> <span class='ocrx_word' id='word_1_223' title='bbox 932 2766 1061 2849; x_wconf 90' lang='lat' dir='ltr'>quidem</span> <span class='ocrx_word' id='word_1_224' title='bbox 1080 2769 1188 2830; x_wconf 91' lang='lat' dir='ltr'>tamen</span> <span class='ocrx_word' id='word_1_225' title='bbox 1206 2766 1233 2831; x_wconf 90' lang='lat' dir='ltr'>is</span> <span class='ocrx_word' id='word_1_226' title='bbox 1253 2789 1380 2850; x_wconf 89' lang='lat' dir='ltr'>quoque</span> <span class='ocrx_word' id='word_1_227' title='bbox 1402 2790 1481 2832; x_wconf 90' lang='lat' dir='ltr'>non-</span> 
     </span>
     <span class='ocr_line' id='line_1_26' title="bbox 175 2862 1481 2950; baseline 0.005 -28"><span class='ocrx_word' id='word_1_228' title='bbox 175 2883 349 2944; x_wconf 90' lang='lat' dir='ltr'>numquam</span> <span class='ocrx_word' id='word_1_229' title='bbox 368 2862 595 2927; x_wconf 86' lang='lat' dir='ltr'>advocabatur:</span> <span class='ocrx_word' id='word_1_230' title='bbox 614 2863 649 2926; x_wconf 92' lang='lat' dir='ltr'>in</span> <span class='ocrx_word' id='word_1_231' title='bbox 666 2863 737 2926; x_wconf 92' lang='lat' dir='ltr'>mir.</span> <span class='ocrx_word' id='word_1_232' title='bbox 756 2863 777 2926; x_wconf 78' lang='lat'><strong>2</strong></span> <span class='ocrx_word' id='word_1_233' title='bbox 796 2887 826 2947; x_wconf 91' lang='lat' dir='ltr'>p.</span> <span class='ocrx_word' id='word_1_234' title='bbox 843 2862 907 2950; x_wconf 81' lang='lat'>138</span> <span class='ocrx_word' id='word_1_235' title='bbox 918 2885 964 2946; x_wconf 93' lang='lat' dir='ltr'>sq.</span> <span class='ocrx_word' id='word_1_236' title='bbox 983 2865 1022 2928; x_wconf 92' lang='lat' dir='ltr'>de</span> <span class='ocrx_word' id='word_1_237' title='bbox 1042 2862 1200 2950; x_wconf 67' lang='lat' dir='ltr'>paganel)</span> <span class='ocrx_word' id='word_1_238' title='bbox 1222 2865 1358 2946; x_wconf 88' lang='lat' dir='ltr'>quadam</span> <span class='ocrx_word' id='word_1_239' title='bbox 1373 2864 1481 2950; x_wconf 86' lang='lat' dir='ltr'>agitur</span> 
     </span>
     <span class='ocr_line' id='line_1_27' title="bbox 174 2955 1480 3046; baseline 0.005 -25"><span class='ocrx_word' id='word_1_240' title='bbox 174 2959 305 3023; x_wconf 92' lang='lat' dir='ltr'>nomine</span> <span class='ocrx_word' id='word_1_241' title='bbox 328 2957 408 3042; x_wconf 83' lang='lat' dir='ltr'>Aba,</span> <span class='ocrx_word' id='word_1_242' title='bbox 433 2980 513 3046; x_wconf 90' lang='lat' dir='ltr'>quae</span> <span class='ocrx_word' id='word_1_243' title='bbox 536 2959 625 3044; x_wconf 89' lang='lat' dir='ltr'>pedis</span> <span class='ocrx_word' id='word_1_244' title='bbox 654 2981 726 3024; x_wconf 90' lang='lat' dir='ltr'>osse</span> <span class='ocrx_word' id='word_1_245' title='bbox 752 2961 917 3026; x_wconf 86' lang='lat' dir='ltr'>confracto</span> <span class='ocrx_word' id='word_1_246' title='bbox 946 2961 1100 3045; x_wconf 82' lang='grc' dir='ltr'><em>ἀκίνητος</em></span> <span class='ocrx_word' id='word_1_247' title='bbox 1123 2955 1179 3045; x_wconf 87' lang='grc' dir='ltr'>ήν,</span> <span class='ocrx_word' id='word_1_248' title='bbox 1208 2959 1287 3026; x_wconf 73' lang='grc' dir='ltr'><em>ποτὲ</em></span> <span class='ocrx_word' id='word_1_249' title='bbox 1313 2959 1375 3046; x_wconf 75' lang='grc' dir='ltr'>μὲν</span> <span class='ocrx_word' id='word_1_250' title='bbox 1397 2961 1480 3028; x_wconf 87' lang='grc' dir='ltr'><em>Ἰου-</em></span> 
     </span>
     <span class='ocr_line' id='line_1_28' title="bbox 171 3052 1480 3144; baseline 0.004 -23"><span class='ocrx_word' id='word_1_251' title='bbox 171 3057 289 3139; x_wconf 90' lang='grc' dir='ltr'><em>δαίων,</em></span> <span class='ocrx_word' id='word_1_252' title='bbox 313 3053 392 3121; x_wconf 74' lang='grc' dir='ltr'><em>ποτέ</em></span> <span class='ocrx_word' id='word_1_253' title='bbox 416 3052 529 3120; x_wconf 75' lang='grc' dir='ltr'><em>δὲκαὶ</em></span> <span class='ocrx_word' id='word_1_254' title='bbox 552 3067 619 3120; x_wconf 81' lang='grc' dir='ltr'><em>τῶν</em></span> <span class='ocrx_word' id='word_1_255' title='bbox 642 3056 813 3123; x_wconf 83' lang='grc' dir='ltr'><em>ἀπαοιδῶν</em></span> <span class='ocrx_word' id='word_1_256' title='bbox 835 3059 973 3141; x_wconf 87' lang='grc' dir='ltr'><em>τούτων,</em></span> <span class='ocrx_word' id='word_1_257' title='bbox 997 3060 1063 3143; x_wconf 77' lang='grc' dir='ltr'><em>ἅμα</em></span> <span class='ocrx_word' id='word_1_258' title='bbox 1086 3055 1123 3123; x_wconf 73' lang='grc' dir='ltr'><em>δέ</em></span> <span class='ocrx_word' id='word_1_259' title='bbox 1145 3057 1201 3124; x_wconf 83' lang='grc' dir='ltr'><em>καὶ</em></span> <span class='ocrx_word' id='word_1_260' title='bbox 1225 3068 1285 3124; x_wconf 87' lang='grc' dir='ltr'><em>τοῦ</em></span> <span class='ocrx_word' id='word_1_261' title='bbox 1307 3064 1480 3144; x_wconf 82' lang='grc' dir='ltr'><em>βελτίστου</em></span> 
     </span>
     <span class='ocr_line' id='line_1_29' title="bbox 174 3153 1480 3243; baseline 0.005 -26"><span class='ocrx_word' id='word_1_262' title='bbox 174 3155 456 3239; x_wconf 87' lang='grc' dir='ltr'><em>Σαρπηδονίου</em></span> <span class='ocrx_word' id='word_1_263' title='bbox 473 3156 657 3233; x_wconf 82' lang='grc' dir='ltr'><em>παιζόντων</em></span> <span class='ocrx_word' id='word_1_264' title='bbox 671 3157 718 3231; x_wconf 84' lang='grc' dir='ltr'>εἰς</span> <span class='ocrx_word' id='word_1_265' title='bbox 736 3156 840 3239; x_wconf 86' lang='grc' dir='ltr'><em>αὐτήν</em></span> <span class='ocrx_word' id='word_1_266' title='bbox 857 3154 913 3220; x_wconf 83' lang='grc' dir='ltr'>καί</span> <span class='ocrx_word' id='word_1_267' title='bbox 932 3158 993 3239; x_wconf 84' lang='grc' dir='ltr'><em>τήν</em></span> <span class='ocrx_word' id='word_1_268' title='bbox 1011 3153 1073 3241; x_wconf 75' lang='grc' dir='ltr'>μὲν</span> <span class='ocrx_word' id='word_1_269' title='bbox 1085 3160 1268 3243; x_wconf 82' lang='grc' dir='ltr'><em>θεραπείαν</em></span> <span class='ocrx_word' id='word_1_270' title='bbox 1283 3157 1480 3241; x_wconf 80' lang='grc' dir='ltr'><em>ἐπαγγελλο-</em></span> 
     </span>
     <span class='ocr_line' id='line_1_30' title="bbox 173 3250 1479 3338; baseline 0.006 -23"><span class='ocrx_word' id='word_1_271' title='bbox 173 3258 282 3335; x_wconf 85' lang='grc' dir='ltr'><em>μένων</em></span> <span class='ocrx_word' id='word_1_272' title='bbox 305 3301 312 3315; x_wconf 91' lang='grc'><strong>.</strong></span> <span class='ocrx_word' id='word_1_273' title='bbox 335 3301 342 3316; x_wconf 91' lang='grc'><strong>.</strong></span> <span class='ocrx_word' id='word_1_274' title='bbox 368 3302 374 3316; x_wconf 93' lang='grc'><strong>.</strong></span> <span class='ocrx_word' id='word_1_275' title='bbox 403 3252 443 3316; x_wconf 88' lang='grc' dir='ltr'>οὐ</span> <span class='ocrx_word' id='word_1_276' title='bbox 470 3250 611 3336; x_wconf 80' lang='grc' dir='ltr'><em>μήνκαὶ</em></span> <span class='ocrx_word' id='word_1_277' title='bbox 634 3255 823 3338; x_wconf 87' lang='grc' dir='ltr'><em>ποιήσαίτι</em></span> <span class='ocrx_word' id='word_1_278' title='bbox 851 3252 1049 3338; x_wconf 79' lang='grc' dir='ltr'><em>δυναμένων</em></span> <span class='ocrx_word' id='word_1_279' title='bbox 1082 3256 1158 3320; x_wconf 80' lang='grc' dir='ltr'><em>οὔτε</em></span> <span class='ocrx_word' id='word_1_280' title='bbox 1186 3254 1404 3338; x_wconf 79' lang='grc' dir='ltr'><em>δυνηθέντων</em></span> <span class='ocrx_word' id='word_1_281' title='bbox 1432 3260 1479 3334; x_wconf 85' lang='grc' dir='ltr'><em>είς</em></span> 
     </span>
     <span class='ocr_line' id='line_1_31' title="bbox 174 3347 1477 3432; baseline 0.004 -19"><span class='ocrx_word' id='word_1_282' title='bbox 174 3347 274 3424; x_wconf 88' lang='grc' dir='ltr'><em>τέλος.</em></span> <span class='ocrx_word' id='word_1_283' title='bbox 320 3347 438 3414; x_wconf 88' lang='lat' dir='ltr'>Sanata</span> <span class='ocrx_word' id='word_1_284' title='bbox 471 3348 606 3432; x_wconf 90' lang='lat' dir='ltr'>denique</span> <span class='ocrx_word' id='word_1_285' title='bbox 634 3373 653 3414; x_wconf 88' lang='lat' dir='ltr'>a</span> <span class='ocrx_word' id='word_1_286' title='bbox 679 3350 798 3414; x_wconf 82' lang='lat' dir='ltr'>Thecla</span> <span class='ocrx_word' id='word_1_287' title='bbox 830 3350 870 3414; x_wconf 92' lang='lat' dir='ltr'>ad</span> <span class='ocrx_word' id='word_1_288' title='bbox 901 3351 998 3415; x_wconf 91' lang='lat' dir='ltr'>fidem</span> <span class='ocrx_word' id='word_1_289' title='bbox 1031 3352 1239 3417; x_wconf 88' lang='lat' dir='ltr'>christianam</span> <span class='ocrx_word' id='word_1_290' title='bbox 1272 3355 1431 3418; x_wconf 87' lang='lat' dir='ltr'>convertit</span> <span class='ocrx_word' id='word_1_291' title='bbox 1471 3407 1477 3418; x_wconf 92' lang='lat'><em>.</em></span> 
     </span>
     <span class='ocr_line' id='line_1_32' title="bbox 173 3444 1477 3535; baseline 0.005 -27"><span class='ocrx_word' id='word_1_292' title='bbox 173 3444 287 3509; x_wconf 90' lang='lat' dir='ltr'>Altero</span> <span class='ocrx_word' id='word_1_293' title='bbox 310 3444 344 3508; x_wconf 94' lang='lat' dir='ltr'>in</span> <span class='ocrx_word' id='word_1_294' title='bbox 366 3445 521 3510; x_wconf 87' lang='lat' dir='ltr'>miraculo</span> <span class='ocrx_word' id='word_1_295' title='bbox 545 3445 710 3531; x_wconf 89' lang='lat' dir='ltr'>Sarpedon</span> <span class='ocrx_word' id='word_1_296' title='bbox 733 3449 825 3531; x_wconf 91' lang='lat' dir='ltr'>quasi</span> <span class='ocrx_word' id='word_1_297' title='bbox 844 3451 1042 3532; x_wconf 88' lang='lat' dir='ltr'>superiorem</span> <span class='ocrx_word' id='word_1_298' title='bbox 1061 3471 1130 3515; x_wconf 91' lang='lat' dir='ltr'>esse</span> <span class='ocrx_word' id='word_1_299' title='bbox 1148 3450 1299 3515; x_wconf 90' lang='lat' dir='ltr'>Theclam</span> <span class='ocrx_word' id='word_1_300' title='bbox 1322 3452 1477 3535; x_wconf 82' lang='lat' dir='ltr'>concedit,</span> 
     </span>
    </p>
   </div>
   <div class='ocr_carea' id='block_1_4' title="bbox 170 3671 1559 4786">
    <p class='ocr_par' dir='ltr' id='par_1_4' title="bbox 170 3671 1559 4546">
     <span class='ocr_line' id='line_1_33' title="bbox 263 3671 945 3745; baseline 0.006 -19"><span class='ocrx_word' id='word_1_301' title='bbox 263 3677 288 3741; x_wconf 88' lang='lat'>1)</span> <span class='ocrx_word' id='word_1_302' title='bbox 306 3674 356 3728; x_wconf 87' lang='grc' dir='ltr'><em>τὸν</em></span> <span class='ocrx_word' id='word_1_303' title='bbox 375 3671 467 3741; x_wconf 78' lang='grc' dir='ltr'><em>ἄνδρα</em></span> <span class='ocrx_word' id='word_1_304' title='bbox 485 3671 553 3727; x_wconf 75' lang='grc' dir='ltr'><em>ποτέ</em></span> <span class='ocrx_word' id='word_1_305' title='bbox 571 3681 671 3728; x_wconf 84' lang='grc' dir='ltr'><em>τοῦτον</em></span> <span class='ocrx_word' id='word_1_306' title='bbox 690 3672 824 3743; x_wconf 75' lang='grc' dir='ltr'><em>γεγονότα</em></span> <span class='ocrx_word' id='word_1_307' title='bbox 842 3695 869 3745; x_wconf 90' lang='lat' dir='ltr'>p.</span> <span class='ocrx_word' id='word_1_308' title='bbox 886 3682 945 3730; x_wconf 82' lang='lat'><strong>136.</strong></span> 
     </span>
     <span class='ocr_line' id='line_1_34' title="bbox 264 3750 1234 3826; baseline 0.003 -18"><span class='ocrx_word' id='word_1_309' title='bbox 264 3757 290 3824; x_wconf 81' lang='lat'>2)</span> <span class='ocrx_word' id='word_1_310' title='bbox 308 3750 434 3823; x_wconf 81' lang='grc' dir='ltr'><em>ταφέντα</em></span> <span class='ocrx_word' id='word_1_311' title='bbox 453 3751 484 3806; x_wconf 78' lang='grc' dir='ltr'>δὲ</span> <span class='ocrx_word' id='word_1_312' title='bbox 502 3751 580 3821; x_wconf 80' lang='grc' dir='ltr'><em>παρὰ</em></span> <span class='ocrx_word' id='word_1_313' title='bbox 598 3754 650 3823; x_wconf 78' lang='grc' dir='ltr'><em>τήν</em></span> <span class='ocrx_word' id='word_1_314' title='bbox 668 3755 755 3825; x_wconf 84' lang='grc' dir='ltr'><em>χηλήν</em></span> <span class='ocrx_word' id='word_1_315' title='bbox 773 3757 820 3810; x_wconf 82' lang='grc' dir='ltr'>καί</span> <span class='ocrx_word' id='word_1_316' title='bbox 838 3756 889 3826; x_wconf 83' lang='grc' dir='ltr'><em>τήν</em></span> <span class='ocrx_word' id='word_1_317' title='bbox 907 3754 991 3826; x_wconf 82' lang='grc' dir='ltr'><em>ἠϊόνα</em></span> <span class='ocrx_word' id='word_1_318' title='bbox 1009 3757 1114 3826; x_wconf 73' lang='grc' dir='ltr'><em>ταύτην</em></span> <span class='ocrx_word' id='word_1_319' title='bbox 1132 3776 1158 3826; x_wconf 93' lang='lat' dir='ltr'>p.</span> <span class='ocrx_word' id='word_1_320' title='bbox 1176 3762 1234 3811; x_wconf 89' lang='lat'>138.</span> 
     </span>
     <span class='ocr_line' id='line_1_35' title="bbox 264 3831 1477 3906; baseline 0.005 -20"><span class='ocrx_word' id='word_1_321' title='bbox 264 3836 290 3904; x_wconf 83' lang='lat'>3)</span> <span class='ocrx_word' id='word_1_322' title='bbox 311 3839 353 3902; x_wconf 79' lang='lat'>32,</span> <span class='ocrx_word' id='word_1_323' title='bbox 370 3839 412 3901; x_wconf 89' lang='lat'>10,</span> <span class='ocrx_word' id='word_1_324' title='bbox 428 3839 455 3886; x_wconf 83' lang='lat'>2:</span> <span class='ocrx_word' id='word_1_325' title='bbox 476 3831 655 3901; x_wconf 78' lang='grc' dir='ltr'><em>Ἀλεξάνδρου</em></span> <span class='ocrx_word' id='word_1_326' title='bbox 680 3878 685 3890; x_wconf 93' lang='grc'><em>.</em></span> <span class='ocrx_word' id='word_1_327' title='bbox 711 3879 716 3888; x_wconf 92' lang='grc'><strong>.</strong></span> <span class='ocrx_word' id='word_1_328' title='bbox 742 3877 747 3892; x_wconf 89' lang='grc'><strong>.</strong></span> <span class='ocrx_word' id='word_1_329' title='bbox 771 3834 1039 3906; x_wconf 79' lang='grc' dir='ltr'><em>χρηστηριαζομένου</em></span> <span class='ocrx_word' id='word_1_330' title='bbox 1062 3835 1133 3890; x_wconf 84' lang='grc' dir='ltr'><em>κατὰ</em></span> <span class='ocrx_word' id='word_1_331' title='bbox 1163 3837 1213 3906; x_wconf 87' lang='grc' dir='ltr'><em>τὴν</em></span> <span class='ocrx_word' id='word_1_332' title='bbox 1236 3834 1380 3905; x_wconf 86' lang='grc' dir='ltr'><em>Κιλικίαν,</em></span> <span class='ocrx_word' id='word_1_333' title='bbox 1403 3838 1477 3894; x_wconf 76' lang='grc' dir='ltr'><em>ἔνθα</em></span> 
     </span>
     <span class='ocr_line' id='line_1_36' title="bbox 173 3911 1559 3983; baseline 0.004 -15"><span class='ocrx_word' id='word_1_334' title='bbox 173 3916 259 3983; x_wconf 83' lang='grc' dir='ltr'><em>φασίν</em></span> <span class='ocrx_word' id='word_1_335' title='bbox 274 3912 441 3976; x_wconf 83' lang='grc' dir='ltr'><em>Ἀπόλλωνος</em></span> <span class='ocrx_word' id='word_1_336' title='bbox 459 3911 660 3982; x_wconf 85' lang='grc' dir='ltr'><em>Σαρπηδονίου</em></span> <span class='ocrx_word' id='word_1_337' title='bbox 679 3915 755 3983; x_wconf 78' lang='grc' dir='ltr'><em>ἱερὸν</em></span> <span class='ocrx_word' id='word_1_338' title='bbox 774 3911 854 3970; x_wconf 81' lang='grc' dir='ltr'><em>εἶναι.</em></span> <span class='ocrx_word' id='word_1_339' title='bbox 931 3939 934 3943; x_wconf 93' lang='grc'><strong><em>·</em></strong></span> <span class='ocrx_word' id='word_1_340' title='bbox 1557 3956 1559 3958; x_wconf 96' lang='grc'>-</span> 
     </span>
     <span class='ocr_line' id='line_1_37' title="bbox 263 3992 1476 4070; baseline 0.004 -22"><span class='ocrx_word' id='word_1_341' title='bbox 263 3997 291 4064; x_wconf 87' lang='grc'>4)</span> <span class='ocrx_word' id='word_1_342' title='bbox 309 3994 370 4047; x_wconf 80' lang='grc' dir='ltr'>Ι57</span> <span class='ocrx_word' id='word_1_343' title='bbox 388 4013 415 4063; x_wconf 85' lang='lat' dir='ltr'>p.</span> <span class='ocrx_word' id='word_1_344' title='bbox 435 3999 528 4063; x_wconf 86' lang='grc'>41,10</span> <span class='ocrx_word' id='word_1_345' title='bbox 551 3994 657 4048; x_wconf 88' lang='lat' dir='ltr'>Mend.:</span> <span class='ocrx_word' id='word_1_346' title='bbox 683 3994 714 4050; x_wconf 72' lang='grc' dir='ltr'>ἐν</span> <span class='ocrx_word' id='word_1_347' title='bbox 738 3994 887 4070; x_wconf 79' lang='grc' dir='ltr'><em>Σελευκείᾳ</em></span> <span class='ocrx_word' id='word_1_348' title='bbox 909 4004 943 4066; x_wconf 82' lang='grc' dir='ltr'><em>τή</em></span> <span class='ocrx_word' id='word_1_349' title='bbox 965 3993 1037 4049; x_wconf 79' lang='grc' dir='ltr'><em>κατὰ</em></span> <span class='ocrx_word' id='word_1_350' title='bbox 1060 3992 1190 4051; x_wconf 84' lang='grc' dir='ltr'><em>Κιλικίαν</em></span> <span class='ocrx_word' id='word_1_351' title='bbox 1209 3993 1377 4060; x_wconf 79' lang='grc' dir='ltr'><em>’Λπόλλωνος</em></span> <span class='ocrx_word' id='word_1_352' title='bbox 1399 3998 1476 4068; x_wconf 79' lang='grc' dir='ltr'><em>ἱερὸν</em></span> 
     </span>
     <span class='ocr_line' id='line_1_38' title="bbox 174 4072 1510 4148; baseline 0.004 -21"><span class='ocrx_word' id='word_1_353' title='bbox 174 4074 270 4143; x_wconf 78' lang='grc' dir='ltr'><em>ἵδρυτο</em></span> <span class='ocrx_word' id='word_1_354' title='bbox 290 4072 462 4142; x_wconf 82' lang='grc' dir='ltr'><em>καλουμένου</em></span> <span class='ocrx_word' id='word_1_355' title='bbox 481 4072 695 4143; x_wconf 78' lang='grc' dir='ltr'><em>Σαρπηδονίον,</em></span> <span class='ocrx_word' id='word_1_356' title='bbox 715 4076 763 4129; x_wconf 84' lang='grc' dir='ltr'><em>καλ</em></span> <span class='ocrx_word' id='word_1_357' title='bbox 787 4075 817 4130; x_wconf 78' lang='grc' dir='ltr'>ἐν</span> <span class='ocrx_word' id='word_1_358' title='bbox 839 4076 927 4148; x_wconf 80' lang='grc' dir='ltr'><em>τούτῳ</em></span> <span class='ocrx_word' id='word_1_359' title='bbox 950 4073 1124 4145; x_wconf 78' lang='grc' dir='ltr'><em>χρηστήριον.</em></span> <span class='ocrx_word' id='word_1_360' title='bbox 1148 4108 1183 4115; x_wconf 89' lang='grc'>-</span> <span class='ocrx_word' id='word_1_361' title='bbox 1205 4075 1335 4132; x_wconf 84' lang='lat' dir='ltr'>Fortasse</span> <span class='ocrx_word' id='word_1_362' title='bbox 1357 4078 1411 4132; x_wconf 89' lang='lat' dir='ltr'>hoc</span> <span class='ocrx_word' id='word_1_363' title='bbox 1433 4078 1476 4132; x_wconf 92' lang='lat' dir='ltr'>in·</span> <span class='ocrx_word' id='word_1_364' title='bbox 1508 4088 1510 4090; x_wconf 82' lang='grc'><strong>’</strong></span> 
     </span>
     <span class='ocr_line' id='line_1_39' title="bbox 171 4152 1476 4226; baseline 0.003 -18"><span class='ocrx_word' id='word_1_365' title='bbox 171 4153 363 4224; x_wconf 85' lang='lat' dir='ltr'>tellegendum</span> <span class='ocrx_word' id='word_1_366' title='bbox 382 4152 524 4209; x_wconf 88' lang='lat' dir='ltr'>oraculum</span> <span class='ocrx_word' id='word_1_367' title='bbox 543 4153 619 4223; x_wconf 89' lang='lat' dir='ltr'>apud</span> <span class='ocrx_word' id='word_1_368' title='bbox 638 4154 753 4208; x_wconf 88' lang='lat' dir='ltr'>Tertull.</span> <span class='ocrx_word' id='word_1_369' title='bbox 773 4155 807 4208; x_wconf 88' lang='lat' dir='ltr'>de</span> <span class='ocrx_word' id='word_1_370' title='bbox 827 4171 871 4208; x_wconf 89' lang='lat' dir='ltr'>an.</span> <span class='ocrx_word' id='word_1_371' title='bbox 886 4162 920 4209; x_wconf 87' lang='grc'>46</span> <span class='ocrx_word' id='word_1_372' title='bbox 936 4155 964 4210; x_wconf 81' lang='lat' dir='ltr'>O.</span> <span class='ocrx_word' id='word_1_373' title='bbox 980 4155 1005 4209; x_wconf 91' lang='lat' dir='ltr'>S.</span> <span class='ocrx_word' id='word_1_374' title='bbox 1021 4154 1051 4208; x_wconf 84' lang='grc' dir='ltr'>Ε.</span> <span class='ocrx_word' id='word_1_375' title='bbox 1068 4156 1097 4209; x_wconf 90' lang='lat' dir='ltr'>L.</span> <span class='ocrx_word' id='word_1_376' title='bbox 1116 4157 1136 4208; x_wconf 95' lang='lat' dir='ltr'>t.</span> <span class='ocrx_word' id='word_1_377' title='bbox 1152 4155 1203 4208; x_wconf 87' lang='lat' dir='ltr'>XX</span> <span class='ocrx_word' id='word_1_378' title='bbox 1216 4175 1242 4225; x_wconf 91' lang='lat' dir='ltr'>p.</span> <span class='ocrx_word' id='word_1_379' title='bbox 1259 4162 1319 4226; x_wconf 80' lang='grc'>377,</span> <span class='ocrx_word' id='word_1_380' title='bbox 1338 4158 1388 4212; x_wconf 91' lang='lat' dir='ltr'>ubi</span> <span class='ocrx_word' id='word_1_381' title='bbox 1401 4158 1476 4212; x_wconf 90' lang='lat' dir='ltr'>inter</span> 
     </span>
     <span class='ocr_line' id='line_1_40' title="bbox 173 4231 1473 4304; baseline 0.004 -17"><span class='ocrx_word' id='word_1_382' title='bbox 173 4233 295 4302; x_wconf 82' lang='lat' dir='ltr'>oracula,</span> <span class='ocrx_word' id='word_1_383' title='bbox 315 4231 417 4301; x_wconf 89' lang='lat' dir='ltr'>quibus</span> <span class='ocrx_word' id='word_1_384' title='bbox 435 4248 485 4300; x_wconf 89' lang='lat' dir='ltr'>per</span> <span class='ocrx_word' id='word_1_385' title='bbox 503 4232 612 4286; x_wconf 91' lang='lat' dir='ltr'>somnia</span> <span class='ocrx_word' id='word_1_386' title='bbox 630 4233 791 4288; x_wconf 88' lang='lat' dir='ltr'>indicantur</span> <span class='ocrx_word' id='word_1_387' title='bbox 809 4234 917 4304; x_wconf 87' lang='lat' dir='ltr'>futura,</span> <span class='ocrx_word' id='word_1_388' title='bbox 937 4235 1106 4304; x_wconf 90' lang='lat' dir='ltr'>Sarpedonis</span> <span class='ocrx_word' id='word_1_389' title='bbox 1129 4236 1250 4290; x_wconf 87' lang='lat' dir='ltr'>occurrit</span> <span class='ocrx_word' id='word_1_390' title='bbox 1270 4239 1321 4304; x_wconf 82' lang='lat' dir='ltr'>„ic</span> <span class='ocrx_word' id='word_1_391' title='bbox 1341 4238 1473 4292; x_wconf 60' lang='lat' dir='ltr'>Troada&lt;</span> 
     </span>
     <span class='ocr_line' id='line_1_41' title="bbox 172 4312 1474 4386; baseline 0 -17"><span class='ocrx_word' id='word_1_392' title='bbox 172 4313 280 4369; x_wconf 84' lang='lat' dir='ltr'>Oalami</span> <span class='ocrx_word' id='word_1_393' title='bbox 302 4313 420 4366; x_wconf 85' lang='lat' dir='ltr'>fortasse</span> <span class='ocrx_word' id='word_1_394' title='bbox 443 4312 554 4382; x_wconf 88' lang='lat' dir='ltr'>lapsum</span> <span class='ocrx_word' id='word_1_395' title='bbox 577 4314 758 4367; x_wconf 87' lang='lat' dir='ltr'>statuendum</span> <span class='ocrx_word' id='word_1_396' title='bbox 781 4331 841 4368; x_wconf 89' lang='lat' dir='ltr'>esse</span> <span class='ocrx_word' id='word_1_397' title='bbox 865 4314 991 4368; x_wconf 83' lang='lat' dir='ltr'>ltohdius</span> <span class='ocrx_word' id='word_1_398' title='bbox 1009 4332 1129 4384; x_wconf 16' lang='lat' dir='ltr'>*quoque</span> <span class='ocrx_word' id='word_1_399' title='bbox 1151 4316 1275 4386; x_wconf 83' lang='lat' dir='ltr'>putavit,</span> <span class='ocrx_word' id='word_1_400' title='bbox 1299 4316 1333 4370; x_wconf 88' lang='lat' dir='ltr'>cf.</span> <span class='ocrx_word' id='word_1_401' title='bbox 1352 4316 1474 4384; x_wconf 79' lang='lat' dir='ltr'>Psyche²</span> 
     </span>
     <span class='ocr_line' id='line_1_42' title="bbox 170 4395 343 4464; baseline -0.006 -16"><span class='ocrx_word' id='word_1_402' title='bbox 170 4395 227 4464; x_wconf 92' lang='lat' dir='ltr'>Ip.</span> <span class='ocrx_word' id='word_1_403' title='bbox 245 4399 304 4462; x_wconf 86' lang='grc'>187,</span> <span class='ocrx_word' id='word_1_404' title='bbox 319 4398 343 4447; x_wconf 83' lang='lat'>3.</span> 
     </span>
     <span class='ocr_line' id='line_1_43' title="bbox 204 4472 1472 4546; baseline 0.001 -18"><span class='ocrx_word' id='word_1_405' title='bbox 204 4493 205 4498; x_wconf 48' lang='lat'>¹</span> <span class='ocrx_word' id='word_1_406' title='bbox 260 4477 286 4545; x_wconf 81' lang='lat'>5)</span> <span class='ocrx_word' id='word_1_407' title='bbox 304 4493 328 4528; x_wconf 92' lang='lat' dir='ltr'>v.</span> <span class='ocrx_word' id='word_1_408' title='bbox 348 4473 445 4527; x_wconf 85' lang='lat' dir='ltr'>Rohde</span> <span class='ocrx_word' id='word_1_409' title='bbox 464 4473 482 4528; x_wconf 87' lang='lat'>1.</span> <span class='ocrx_word' id='word_1_410' title='bbox 502 4489 523 4527; x_wconf 87' lang='lat' dir='ltr'>s.</span> <span class='ocrx_word' id='word_1_411' title='bbox 547 4472 581 4527; x_wconf 82' lang='lat' dir='ltr'>cf.</span> <span class='ocrx_word' id='word_1_412' title='bbox 605 4473 637 4528; x_wconf 88' lang='lat' dir='ltr'>R.</span> <span class='ocrx_word' id='word_1_413' title='bbox 656 4474 778 4529; x_wconf 88' lang='lat' dir='ltr'>Kochler</span> <span class='ocrx_word' id='word_1_414' title='bbox 800 4475 836 4528; x_wconf 90' lang='lat' dir='ltr'>M.</span> <span class='ocrx_word' id='word_1_415' title='bbox 856 4475 908 4530; x_wconf 87' lang='lat' dir='ltr'>Rh.</span> <span class='ocrx_word' id='word_1_416' title='bbox 925 4481 958 4529; x_wconf 78' lang='grc'>14</span> <span class='ocrx_word' id='word_1_417' title='bbox 981 4478 1072 4546; x_wconf 80' lang='grc'>(1859)</span> <span class='ocrx_word' id='word_1_418' title='bbox 1094 4494 1122 4546; x_wconf 92' lang='lat' dir='ltr'>p.</span> <span class='ocrx_word' id='word_1_419' title='bbox 1137 4482 1197 4530; x_wconf 75' lang='lat'>474.</span> <span class='ocrx_word' id='word_1_420' title='bbox 1234 4474 1370 4528; x_wconf 88' lang='lat' dir='ltr'>Nonnihil</span> <span class='ocrx_word' id='word_1_421' title='bbox 1393 4491 1472 4529; x_wconf 87' lang='lat' dir='ltr'>secus</span> 
     </span>
    </p>

    <p class='ocr_par' dir='ltr' id='par_1_5' title="bbox 170 4554 535 4623">
     <span class='ocr_line' id='line_1_44' title="bbox 170 4554 535 4623; baseline -0.005 -13"><span class='ocrx_word' id='word_1_422' title='bbox 170 4556 276 4610; x_wconf 87' lang='lat' dir='ltr'>Usener</span> <span class='ocrx_word' id='word_1_423' title='bbox 293 4554 418 4608; x_wconf 77' lang='lat' dir='ltr'>Gdttem.</span> <span class='ocrx_word' id='word_1_424' title='bbox 433 4559 484 4607; x_wconf 78' lang='lat'>218</span> <span class='ocrx_word' id='word_1_425' title='bbox 495 4571 535 4623; x_wconf 88' lang='lat' dir='ltr'>sq.</span> 
     </span>
    </p>

    <p class='ocr_par' dir='ltr' id='par_1_6' title="bbox 259 4634 1140 4705">
     <span class='ocr_line' id='line_1_45' title="bbox 259 4634 1140 4705; baseline 0.001 -17"><span class='ocrx_word' id='word_1_426' title='bbox 259 4636 285 4704; x_wconf 83' lang='lat'>6)</span> <span class='ocrx_word' id='word_1_427' title='bbox 304 4634 405 4704; x_wconf 90' lang='lat' dir='ltr'>Apollo</span> <span class='ocrx_word' id='word_1_428' title='bbox 423 4651 480 4688; x_wconf 92' lang='lat' dir='ltr'>una</span> <span class='ocrx_word' id='word_1_429' title='bbox 499 4651 562 4688; x_wconf 92' lang='lat' dir='ltr'>cum</span> <span class='ocrx_word' id='word_1_430' title='bbox 581 4634 742 4703; x_wconf 87' lang='lat' dir='ltr'>Sarpedone</span> <span class='ocrx_word' id='word_1_431' title='bbox 759 4635 921 4688; x_wconf 90' lang='lat' dir='ltr'>nominatur</span> <span class='ocrx_word' id='word_1_432' title='bbox 939 4635 1024 4690; x_wconf 88' lang='lat' dir='ltr'>Basil.</span> <span class='ocrx_word' id='word_1_433' title='bbox 1038 4655 1065 4705; x_wconf 89' lang='lat' dir='ltr'>p.</span> <span class='ocrx_word' id='word_1_434' title='bbox 1080 4641 1140 4689; x_wconf 77' lang='lat'>208.</span> 
     </span>
    </p>

    <p class='ocr_par' dir='ltr' id='par_1_7' title="bbox 261 4714 1214 4786">
     <span class='ocr_line' id='line_1_46' title="bbox 261 4714 1214 4786; baseline 0.002 -19"><span class='ocrx_word' id='word_1_435' title='bbox 261 4717 287 4785; x_wconf 83' lang='lat'>7)</span> <span class='ocrx_word' id='word_1_436' title='bbox 305 4715 369 4769; x_wconf 86' lang='lat' dir='ltr'>Non</span> <span class='ocrx_word' id='word_1_437' title='bbox 386 4715 499 4786; x_wconf 89' lang='lat' dir='ltr'>Iudaea,</span> <span class='ocrx_word' id='word_1_438' title='bbox 519 4715 594 4785; x_wconf 90' lang='lat' dir='ltr'>quod</span> <span class='ocrx_word' id='word_1_439' title='bbox 613 4715 718 4786; x_wconf 82' lang='lat' dir='ltr'>legitur</span> <span class='ocrx_word' id='word_1_440' title='bbox 736 4715 812 4784; x_wconf 89' lang='lat' dir='ltr'>apud</span> <span class='ocrx_word' id='word_1_441' title='bbox 829 4715 998 4770; x_wconf 89' lang='lat' dir='ltr'>Koehlerum</span> <span class='ocrx_word' id='word_1_442' title='bbox 1015 4716 1034 4770; x_wconf 92' lang='lat' dir='ltr'>l.</span> <span class='ocrx_word' id='word_1_443' title='bbox 1049 4734 1071 4769; x_wconf 84' lang='lat' dir='ltr'>s.</span> <span class='ocrx_word' id='word_1_444' title='bbox 1084 4733 1112 4784; x_wconf 88' lang='lat' dir='ltr'>p.</span> <span class='ocrx_word' id='word_1_445' title='bbox 1126 4714 1214 4785; x_wconf 68' lang='lat' dir='ltr'>crasi.</span> 
     </span>
    </p>
   </div>
   <div class='ocr_carea' id='block_1_5' title="bbox 0 0 1780 5317">
    <p class='ocr_par' dir='ltr' id='par_1_8' title="bbox 0 0 1780 5317">
     <span class='ocr_line' id='line_1_47' title="bbox 0 0 1780 5317; baseline 0 5"><span class='ocrx_word' id='word_1_446' title='bbox 0 0 1780 5317; x_wconf 95' lang='lat' dir='ltr'> </span> 
     </span>
    </p>
   </div>
   <div class='ocr_carea' id='block_1_6' title="bbox 1770 2360 1778 2993">
    <p class='ocr_par' dir='ltr' id='par_1_9' title="bbox 1770 2360 1778 2993">
     <span class='ocr_line' id='line_1_48' title="bbox 1770 2360 1778 2993; baseline 0 0"><span class='ocrx_word' id='word_1_447' title='bbox 1770 2360 1778 2993; x_wconf 95' lang='lat' dir='ltr'> </span> 
     </span>
    </p>
   </div>
   <div class='ocr_carea' id='block_1_7' title="bbox 1771 3940 1777 4605">
    <p class='ocr_par' dir='ltr' id='par_1_10' title="bbox 1771 3940 1777 4605">
     <span class='ocr_line' id='line_1_49' title="bbox 1771 3940 1777 4605; baseline 0 0"><span class='ocrx_word' id='word_1_448' title='bbox 1771 3940 1777 4605; x_wconf 95' lang='lat' dir='ltr'> </span> 
     </span>
    </p>
   </div>
  </div>
 </body>
</html>
