3550 5317
255 331 298 394 92
832 333 923 402 Caput
940 332 985 386 IV.

255 495 333 560 adeo
367 495 406 558 iis
439 495 597 580 repletum
630 500 698 561 erat
730 494 901 581 templum,
933 500 970 561 ut
1003 498 1115 561 ceteris
1147 496 1330 581 hospitibus
1361 498 1395 560 in
1423 499 1560 563 sacrario

254 597 340 657 esset
371 593 559 659 morandum
568 593 603 681 1).
653 593 817 658 Mirabiles
850 617 923 658 cum
955 596 1037 659 fiunt
1069 597 1264 678 curationes,
1299 596 1388 661 adest
1424 595 1560 660 aliorum

254 691 421 755 hominum
455 694 510 774 qui
547 693 581 756 in
614 714 702 758 sacro
735 696 905 757 versantur
940 697 1078 776 caterva,
1120 716 1256 777 quorum
1289 695 1397 759 omnia
1429 717 1509 778 quae
1542 719 1561 759 a

256 789 373 853 sanctis
398 790 581 855 efficiuntur
605 791 671 856 suis
696 791 878 873 conspicere
902 791 1003 856 oculis
1026 792 1077 856 vel
1103 793 1241 856 maxime
1264 793 1404 857 interest.
1450 793 1561 858 Preca-

254 887 397 951 tionibus
428 888 518 960 inter¹
541 911 575 953 se
604 889 756 953 adiuvant
784 889 987 972 incubantes,
1018 891 1103 972 quod
1133 891 1284 976 cognosci
1313 893 1421 974 potest
1449 894 1558 957 emir.

254 984 307 1066 32,
325 984 414 1049 3524
422 987 459 1068 B,
483 986 539 1051 ubi
561 987 644 1072 legis
666 987 757 1052 haec:
782 982 847 1070 εἶχε
871 983 908 1052 δὲ
930 986 985 1052 καὶ
1008 989 1133 1065 πάντας
1151 989 1240 1074 αὐτῷ
1263 990 1343 1065 τοὺς
1366 988 1471 1077 ἐντῷ
1494 999 1559 1078 νεῷ

252 1085 564 1168 συμπρεσβεύοντας
585 1083 641 1150 καί
663 1087 721 1161 τάς
738 1081 822 1170 ὑπὲρ
842 1085 945 1151 αὐτοῦ
964 1087 1055 1162 λιτάς
1073 1085 1295 1170 ποιουμένους
1313 1089 1378 1152 σὺν
1397 1088 1559 1173 δάκρυσιν

251 1179 305 1245 καὶ
328 1187 538 1268 πληροῦντας
556 1183 765 1269 φιλάδελφον
787 1183 967 1270 πρόσταξιν
990 1185 1027 1248 τὸ
1052 1184 1221 1269 εεὔχεσθαι
1244 1183 1280 1271 (l.
1298 1183 1450 1272 εὔχεσθε)
1474 1183 1557 1273 ὑπὲρ

252 1277 420 1364 ἀλλήλων,
449 1281 537 1358 ὅπως
565 1282 645 1366 ἰαθῇ
675 1305 709 1346 τε
737 1279 772 1366 (l.
791 1279 943 1367 ίαθητεγ.
988 1281 1153 1348 Dorothea
1179 1306 1237 1367 per
1264 1305 1412 1348 somnum
1435 1306 1455 1346 a
1478 1307 1558 1347 mar-

250 1377 376 1460 tyribus
409 1379 532 1443 monita
563 1378 667 1442 filium
698 1379 753 1462 qui
783 1380 939 1465 serpentis
973 1403 1068 1444 ovum
1106 1384 1280 1445 comeserat
1314 1380 1385 1446 loco
1418 1382 1556 1447 indicato

250 1477 427 1558 prosternit
449 1479 614 1561 πλήθους
628 1482 755 1542 πολλοῦ
782 1489 990 1563 παρεστῶτος
1016 1478 1252 1563 περιμένοντος
1279 1480 1364 1544 ίὸείν
1390 1480 1452 1562 τὴν
1478 1479 1557 1544 άπό-
1630 1501 1635 1508 ’

251 1575 351 1656 βασιν
374 1573 425 1657 34,
441 1572 564 1638 35400
589 1572 641 1661 (cf.
662 1575 703 1639 ib.
723 1573 807 1638 3541
820 1573 873 1662 A).
921 1574 1039 1640 Contra
1062 1598 1134 1640 cum
1160 1578 1339 1644 haereticus
1363 1577 1492 1659 quidam
1516 1578 1556 1641 ad

254 1692 364 1735 cenam
387 1671 591 1736 Dominicam
615 1674 788 1737 secundum
812 1673 963 1738 ecclesiae
986 1673 1161 1738 catholicae
1184 1675 1282 1738 ritum
1301 1676 1446 1739 accedere
1469 1691 1556 1739 recu-

249 1773 346 1850 saret,
375 1771 464 1854 παρά
494 1782 561 1835 τῶν
590 1770 626 1835 ἐν
653 1779 698 1858 τῷ
726 1779 791 1858 νεῷ
820 1775 969 1857 θόρυβος
998 1770 1066 1836 κατ’
1102 1773 1205 1839 αὐτοῦ
1237 1775 1342 1849 πολὺς
1371 1775 1555 1859 διηγείρετο

248 1866 300 1952 32,
315 1864 446 1932 3529A.
478 1907 519 1914 ——
553 1867 661 1954 Signis
690 1869 876 1933 marmoreis
910 1874 1098 1934 exornatum
1133 1874 1202 1934 erat
1236 1871 1393 1957 templum
1402 1869 1441 1958 2),
1474 1894 1554 1954 quae

249 1963 376 2047 Christi,
400 1963 529 2030 loannis
551 1967 726 2050 Baptistae,
751 1965 826 2051 Gyri
849 1969 1012 2051 martyris,
1036 1972 1240 2054 aegrotorum
1263 1970 1406 2053 ipsorum
1430 1970 1554 2056 effigies

250 2064 458 2151 exhibebant3
481 2087 531 2129 rcs
555 2067 661 2130 variae
684 2066 718 2130 in
742 2067 943 2130 curationum
973 2066 1169 2130 mirabilium
1197 2068 1384 2131 memoriam
1412 2072 1554 2133 servatae

249 2183 286 2224 ac
309 2162 475 2246 propalam
499 2164 671 2228 collocatae
691 2164 889 2248 supplicibus
913 2165 1157 2229 inenarrabilem
1180 2166 1406 2248 praedicabant
1433 2172 1554 2232 sancto-

245 2283 317 2322 rum
340 2259 560 2348 potentiam3).
607 2261 696 2326 Sacri
719 2263 852 2348 negotia
874 2285 1049 2349 permagno
1068 2265 1291 2329 ministrorum
1309 2287 1442 2340 numero
1466 2267 1554 2329 cordi

246 2362 351 2443 erant,
380 2358 497 2440 quibus
530 2361 678 2424 omnibus
708 2365 853 2444 praeerat
881 2383 1074 2426 oeconomus
1107 2362 1147 2425 ab
1177 2361 1311 2426 ecclesia
1338 2360 1553 2428 Alexandrina

247 2457 456 2540 constitutus,
485 2458 540 2541 qui
571 2459 720 2522 suffiendi
751 2459 909 2542 imprimis
937 2482 1067 2524 munere
1096 2457 1332 2546 fimgebatur4).
1380 2459 1553 2546 Sophronii

246 2555 445 2638 temporibus
477 2554 735 2643 christodorus&
763 2557 803 2619 ab
830 2557 971 2642 Eulogio
1002 2559 1151 2641 episcopo
1175 2556 1392 2624 Alexandrino
1421 2582 1552 2626 oecono-

246 2675 317 2718 mus
341 2655 444 2718 factus
469 2658 525 2740 est,
548 2659 776 2722 consenserunt
799 2677 872 2720 cum
894 2655 1035 2741 Eulogio
1059 2678 1255 2720 successores
1280 2658 1347 2722 eius
1366 2656 1552 2723 Theodorus

334 2923 359 2990 1)
380 2920 410 2975 ἐν
428 2924 465 2992 τῷ
481 2925 569 2992 σεπτῷ
588 2928 637 2974 τοῦ
656 2919 787 2989 τεμένους
806 2917 931 2992 ἱερατείῳ
950 2918 1102 2988 κατέκειτο,
1122 2921 1196 2976 ἔνθα
1216 2923 1264 2976 καλ
1282 2922 1386 2985 πάντες
1404 2923 1431 2977 οἱ
1450 2923 1552 2990 ξενιζό-

248 3019 328 3068 μενοι
347 2999 477 3068 μένουσιν
496 2999 583 3055 τόπον
602 2999 696 3069 ἕτερον
716 3000 764 3054 διὰ
777 3001 827 3056 τὸν
851 3000 952 3056 ἐνόντα
974 3011 1030 3056 τῶν
1054 3001 1213 3057 νοσούντων
1231 3002 1300 3057 λεὼν
1319 3003 1355 3071 μὴ
1380 3001 1553 3070 εὑρίσκοντες

248 3086 289 3149 37,
306 3087 375 3134 3564
385 3081 416 3134 D.
437 3112 471 3120 -
491 3079 654 3134 causidicus
674 3081 786 3149 quidam
808 3080 929 3135 occurrit
948 3086 990 3149 28,
1005 3081 1113 3136 asoto.

228 3198 230 3203 .
334 3173 361 3238 2)
381 3167 523 3238 Νεμεσίων
544 3213 549 3222 .
571 3215 576 3224 .
598 3213 602 3223 .
622 3168 705 3238 μέρος
722 3191 749 3224 τι
767 3179 816 3225 τοῦ
834 3167 930 3240 τοίχου
948 3169 1065 3239 πλησίον
1083 3179 1132 3224 τοῦ
1152 3170 1294 3238 μνήματος
1315 3170 1471 3239 μαρμάροις
1490 3171 1550 3226 ἐκό-

244 3267 354 3318 σμησεν,
374 3249 494 3317 Χριστὸν
514 3250 544 3305 ἐν
562 3250 678 3312 ταύταις
696 3250 841 3320 (τούτοιςλ)
865 3251 913 3303 καὶ
934 3247 1071 3319 Ἰωάννην
1095 3250 1144 3305 τὸν
1169 3249 1327 3317 Βαπτιστην
1349 3270 1378 3304 τε
1404 3253 1453 3304 καί
1476 3251 1550 3319 Πρό-

244 3332 350 3397 δρομσν
369 3331 418 3382 καὶ
436 3334 531 3397 Κῦρον
550 3330 678 3392 τνπίοσας
695 3331 744 3386 τὸν
764 3329 890 3400 μάρτυρα
909 3332 957 3384 καὶ
976 3329 1076 3385 ἑαυτὸν
1099 3331 1151 3400 τὴν
1175 3330 1221 3384 ἐπὶ
1239 3330 1328 3404 τούτῳ
1351 3331 1433 3401 χάριν
1452 3333 1550 3401 κηρύτ-

241 3430 326 3464 τοντα
346 3415 389 3478 28,
406 3410 509 3481 3505s8.

337 3502 364 3569 3)
384 3498 429 3552 Sic
452 3497 525 3568 lapis
550 3515 602 3552 ovo
625 3515 677 3567 par
694 3500 891 3568 magnitudine
910 3518 927 3554 a
946 3502 1051 3557 sanctis
1079 3520 1114 3556 ex
1139 3501 1256 3556 Antonii
1282 3501 1410 3557 Thebani
1435 3519 1550 3572 corpore

242 3582 366 3634 remotus
386 3581 451 3634 ante
470 3596 564 3632 arcam
583 3596 692 3632 sacram
710 3580 865 3648 pendebat:
885 3586 928 3649 48,
944 3587 1014 3636 3604
1025 3582 1096 3653 BJC.
1116 3582 1151 3636 cf.
1168 3589 1192 3650 1,
1208 3582 1312 3654 3425J8.

334 3672 361 3738 4)
380 3668 532 3737 παριόντος
558 3677 608 3723 τοῦ
634 3667 784 3738 οἰκονόμου
809 3670 858 3722 καὶ
883 3671 952 3739 μετὰ
975 3680 1069 3740 χεῖρας
1096 3671 1127 3725 τὸ
1151 3670 1340 3739 θυμιατήριον
1368 3671 1480 3741 ἔχοντος
1502 3673 1550 3724 καλ

243 3753 403 3818 θυμιῶντος
421 3748 452 3803 τὸ
471 3745 583 3818 τέμενος
602 3754 644 3818 31,
660 3748 770 3802 3524Α.
808 3751 1005 3817 Χριστοὸύρου
1023 3750 1076 3820 γὰρ
1100 3755 1261 3819 θυμιῶντος
1282 3759 1315 3820 τῇ
1338 3749 1416 3822 τρίτη
1439 3750 1470 3803 τὸ
1493 3759 1549 3804 τῶν
1577 3769 1580 3773 ’

244 3827 331 3898 ἁγίων
350 3829 503 3898 μαρτύριον
522 3828 681 3900 (οἰκονόμος
699 3828 751 3899 γὰρ
771 3824 852 3891 οὗτος
870 3829 1031 3900 ἐτύγχανεν)
1050 3829 1087 3883 ib.
1106 3830 1137 3884 B.
1158 3831 1272 3901 ἔβλεπεν
1297 3830 1327 3885 ἐν
1346 3829 1463 3899 σχήματι
1481 3834 1548 3898 Χρι-

242 3910 383 3976 στοδάνρου
403 3912 450 3978 (sc.
469 3910 534 3972 τοὺς
552 3909 704 3979 μάρτυρας)
723 3917 771 3964 τοῦ
790 3908 841 3978 τὴν
860 3907 1000 3979 διοίκησιν
1019 3909 1130 3980 ἔχοντος
1147 3910 1197 3964 τὸν
1212 3909 1283 3965 νεὼν
1297 3908 1483 3978 περιάγοντας
1500 3911 1549 3963 καλ

241 3991 405 4056 θυμιῶντας
425 3991 485 4060 Θεῷ
505 3987 663 4058 θυμιάμασι
682 3995 725 4059 32,
740 3989 847 4044 35280.
866 3997 916 4044 τοῦ
936 3988 1087 4058 οἰκονόμου
1112 3988 1184 4042 κατὰ
1206 3989 1256 4044 τὸν
1279 3989 1379 4057 καιρὸν
1397 3989 1550 4057 παριόντος

242 4075 291 4122 τοῦ
310 4066 489 4136 θυμιάματος
507 4069 556 4121 καὶ
574 4068 605 4122 τὸ
625 4069 814 4138 θυμιατήριον
833 4069 946 4140 ἔχοντος
963 4069 1001 4123 ib.
1022 4070 1054 4123 D.

331 4158 358 4224 5)
378 4153 408 4218 ὃς
427 4154 567 4228 ᾠκονόμει
585 4167 640 4212 τῶν
659 4156 747 4227 ἁγίων
769 4160 801 4213 τὸ
819 4157 933 4228 τέμενος
956 4163 980 4226 8,
996 4162 1065 4212 3437
1075 4158 1107 4211 Α.
1128 4157 1173 4229 (cf.
1194 4162 1237 4226 37,
1253 4157 1357 4212 35641)
1376 4160 1406 4212 et
1429 4159 1493 4212 adu.
1513 4160 1548 4227 4.)

242 4234 291 4306 ἐφ’
313 4231 346 4291 οὗ
365 4235 466 4290 καὶτὰ
485 4245 544 4300 τοῖς
566 4237 683 4305 μάρτυσι
706 4240 834 4308 δρώμενα
857 4237 996 4308 γράφεται
1018 4235 1120 4306 τέρατα
1142 4237 1180 4292 ib.
1204 4238 1235 4292 Β,
1277 4236 1329 4292 Est
1352 4237 1548 4292 christodorus

241 4316 299 4385 illc,
320 4314 369 4385 qui
387 4315 496 4370 Mareia
513 4315 543 4369 in
563 4318 664 4387 stagno
683 4318 808 4386 procella
832 4321 929 4373 exorta
952 4336 970 4372 a
990 4318 1162 4388 martyribus
1186 4321 1326 4388 servatur,
1350 4336 1373 4372 v.
1393 4318 1453 4372 mir.
1469 4323 1492 4372 8.
1513 4317 1546 4371 cf.

240 4416 266 4466 p.
283 4402 362 4466 85sq.
391 4395 477 4451 Uxori
496 4395 564 4466 eius,
584 4414 647 4450 cum
666 4397 702 4451 ab
720 4399 864 4453 oeconomi
883 4415 997 4454 munere
1016 4398 1195 4471 suscipiendo
1210 4399 1338 4453 retinere
1346 4414 1410 4452 eum
1425 4399 1546 4463 studeat,

241 4479 380 4547 apparent
399 4475 503 4546 sancti,
521 4476 581 4530 mir.
602 4484 626 4530 9.
648 4477 681 4531 cf.
703 4497 729 4546 p.
745 4483 787 4533 86.
825 4479 883 4533 Sub
907 4479 1000 4549 specie
1028 4479 1088 4533 eius
1111 4479 1243 4534 videntur
1265 4479 1352 4548 Cyrus
1379 4480 1408 4532 et
1429 4478 1547 4532 Ioannes

239 4574 290 4626 per
308 4567 449 4625 somnum,
472 4556 532 4612 mir.
549 4563 590 4611 32.
606 4556 640 4610 of.
656 4575 682 4626 p.
699 4564 740 4612 84.
779 4557 885 4612 Arbitri
909 4559 971 4614 loco
993 4559 1023 4613 in
1047 4558 1098 4614 lite
1122 4560 1277 4614 advocatur
1304 4558 1378 4612 inter
1401 4559 1547 4628 aegrotum

241 4639 270 4691 et
288 4637 457 4706 piscatorem
476 4640 554 4705 nata,
572 4637 633 4691 mir.
649 4642 691 4692 35.
712 4638 744 4692 cf.
760 4657 786 4708 p.
803 4644 844 4693 88.
877 4639 931 4694 Pro
946 4639 1035 4694 altero
1052 4643 1168 4710 aegroto
1186 4639 1214 4694 ei
1231 4637 1386 4694 remedium
1406 4655 1424 4693 a
1442 4636 1546 4694 sanctis

240 4716 390 4788 indicatur,
409 4717 470 4772 mir.
486 4723 528 4773 67.
544 4717 578 4772 cf.
593 4737 619 4788 p.
635 4723 677 4773 85.
