3550 5317
578 299 620 354 De
637 298 792 354 incubandi
810 299 913 355 ritibus
932 300 1131 371 symbolisque.
1471 301 1514 366 23

206 461 331 527 Numae
364 467 459 547 eaput
491 462 576 546 apud
606 462 754 527 Faunum
785 464 836 527 bis
870 464 1034 549 spargitur
1060 463 1146 529 unda
1178 465 1311 529 fontana
1338 462 1410 551 (Ov.
1429 464 1515 532 Fast.

206 558 254 623 rv
273 558 360 646 oss).

277 698 310 753 cf.
332 698 463 769 Syncsius
483 698 518 752 de
540 697 658 755 insomn.
676 706 690 754 7
709 700 806 770 Migne
824 700 899 754 Patr.
920 700 965 755 Gr.
985 704 1005 756 t.
1022 707 1056 755 66
1074 720 1101 770 p.
1118 702 1233 756 1301B:
1257 701 1363 771 ταύτην
1386 702 1439 772 ἐγὼ
1463 703 1515 772 τὴν

278 779 414 850 μαντικὴν
434 778 541 852 ἐμαυτῷ
555 799 584 835 τε
598 782 667 846 ἀξιῶ
685 790 827 850 παρεῖναι,
846 783 895 835 καί
913 782 994 835 παισί
1012 784 1184 850 καταλιπεῖν,
1203 779 1249 850 ἐφ’
1271 780 1307 851 ἣν
1327 783 1360 836 ού
1376 784 1421 837 δεῖ
1437 781 1516 854 βαδί-

278 862 334 925 ζειν
357 856 613 927 συσκευασαμένους
636 860 704 914 ὁδὸν
723 859 834 929 μακρὰν
856 858 874 929 ἢ
898 863 987 915 πλοῦν
1010 858 1173 929 ὑπερόριον,
1199 860 1290 929 ὥσπερ
1310 864 1446 930 Πυθῶδε,
1468 863 1517 916 καί

278 940 306 1003 ἐς
323 936 474 1009 ’Ἄμμωνος
499 937 558 993 ἀλλ’
587 941 670 1008 ἀρκεῖ
691 943 929 1008 καταδαρθεῖν
947 949 1026 1010 χεῖρα
1051 938 1245 1010 νιψάμενύν
1266 960 1296 995 τε
1320 942 1369 996 καί
1392 941 1515 1011 εὐφημή-

279 1038 374 1075 σαντα.
398 1052 432 1061 -
455 1021 537 1087 Aqua
560 1019 701 1074 lustrandi
728 1037 813 1075 causa
837 1022 973 1075 utuntur:
1002 1019 1117 1089 Stengel
1141 1018 1187 1075 Gr.
1211 1019 1385 1074 Kultusalt.¹
1409 1025 1461 1073 144
1475 1039 1515 1088 sq.

278 1100 354 1154 Diels
383 1100 481 1169 Sibyll.
507 1099 548 1153 Bl.
576 1119 602 1169 p.
618 1106 662 1168 48,
682 1106 706 1168 2,
722 1106 747 1155 2.
770 1119 797 1169 p.
818 1106 859 1154 71.
897 1100 996 1154 Rohde
1024 1099 1150 1168 Psyche¹
1176 1100 1203 1152 Π
1225 1105 1277 1153 405
1297 1118 1336 1168 sq.
1374 1098 1517 1154 Dieterich

278 1180 380 1234 Abrax.
399 1198 426 1249 p.
447 1181 536 1234 158Α.
573 1180 738 1235 Notandum
762 1180 892 1235 adhiberi
917 1197 1021 1249 aquam
1046 1179 1191 1247 fluentcm3
1216 1196 1335 1247 quocum
1364 1196 1517 1249 congruere

277 1277 397 1330 papyros
423 1260 561 1330 magicas,
586 1260 610 1313 si
628 1259 849 1329 perscrutaberis
875 1276 935 1326 eas,
954 1259 1039 1313 facile
1062 1258 1199 1314 invenies:
1224 1260 1369 1313 lavacrum
1395 1258 1425 1313 in
1450 1259 1517 1314 Nilo

277 1340 391 1394 flumine
404 1339 566 1393 faciendum
581 1340 670 1394 Wess.
680 1339 726 1394 Gr.
736 1339 785 1394 ZP.
796 1346 881 1408 21,43
894 1357 934 1407 sq.
949 1340 1041 1411 λαβὼν
1055 1340 1179 1410 μύγαλον
1194 1336 1334 1394 ἐκθέωσον
1349 1341 1385 1409 (q.
1395 1356 1417 1393 e.
1427 1344 1518 1409 sacra)

278 1419 413 1493 πηγαίῳ
437 1418 520 1473 ύδατι
542 1421 591 1474 καί
609 1421 702 1491 λαβὼν
725 1418 891 1488 κανθάρους
914 1419 1094 1487 σεληνιακούς
1116 1419 1168 1473 δύο
1192 1416 1333 1473 ἐκθέῳσον
1358 1416 1440 1473 ύδατι
1459 1438 1518 1473 πο-

278 1498 386 1573 ταμίῳ
418 1499 456 1553 ib.
486 1504 533 1566 82,
548 1505 617 1552 2455
634 1517 694 1567 sqq.
723 1498 805 1553 ύδατι
828 1496 1008 1571 θαλασσίῳ
1030 1494 1136 1567 ῥαίνων
1161 1501 1238 1569 (nam
1260 1499 1331 1552 haec
1354 1500 1429 1553 certe
1453 1515 1518 1552 con·

279 1579 430 1649 iungenda,
450 1595 621 1647 quamquam
645 1579 807 1647 ceteroquin
825 1579 904 1633 locus
923 1580 1070 1647 corruptus
1084 1578 1204 1648 videtur)
1223 1578 1261 1631 ib.
1278 1583 1319 1646 75,
1335 1583 1412 1632 2158.
1441 1576 1516 1646 ύδωρ

279 1668 401 1730 πηγαῖον
415 1658 509 1713 Parth.
522 1664 581 1727 127,
593 1665 652 1713 246.
668 1657 828 1715 ἀπόκλυσον
842 1661 888 1728 (so.
900 1657 1016 1729 χάρτην)
1031 1659 1070 1721 εἰς
1084 1661 1146 1728 (em.
1160 1657 1254 1712 Parth.
1270 1660 1435 1713 raoulcourt
1445 1676 1469 1711 ει
1479 1661 1517 1728 p.)

278 1737 353 1806 ύδωρ
377 1748 527 1809 πηγαῖον
545 1738 602 1792 ύπδ
621 1738 650 1803 ζ’
671 1742 700 1809 (t)
722 1748 832 1809 πηγῶν,
856 1740 905 1794 καί
927 1737 974 1793 πίε
998 1737 1066 1792 αύτδ
1086 1740 1171 1807 (αυτω
1189 1740 1228 1808 p.)
1251 1736 1297 1791 ἐπί
1321 1735 1425 1807 ἡμέρας
1443 1736 1467 1803 ζ’
1488 1739 1517 1806 (1)

278 1818 401 1888 νήστης
426 1818 520 1873 Parth.
538 1824 598 1887 126,
613 1824 665 1872 234
680 1837 720 1887 sq.
763 1818 862 1872 Adhuc
886 1818 1033 1873 attulimus
1057 1834 1072 1871 c
1094 1817 1210 1888 papyris
1238 1816 1357 1887 magicis
1380 1816 1518 1872 eiusmodi

278 1898 362 1966 locos,
382 1897 484 1966 quibus
503 1897 666 1952 unctionem
684 1898 730 1952 vel
748 1897 920 1953 lavationem
938 1898 968 1952 in
986 1898 1070 1951 rebus
1089 1896 1214 1966 mysticis
1239 1913 1363 1951 seorsum
1381 1896 1518 1951 usitatam

277 1978 364 2033 fuisse
392 1977 590 2032 declararetur.
633 1978 739 2032 Tamen
767 1979 959 2046 quaerendum
984 1980 1041 2045 est,
1069 1995 1137 2031 num
1164 1994 1248 2046 quern
1275 1977 1367 2031 locum
1394 1976 1516 2046 reperire

276 2058 424 2127 possimus,
443 2058 492 2112 ubi
511 2057 641 2111 similiter
660 2060 745 2126 atque
763 2058 793 2112 in
811 2058 914 2113 ritibus
929 2057 1006 2128 apud
1020 2056 1211 2127 Trophonium
1225 2057 1406 2111 observandis
1420 2056 1516 2111 unctio

279 2156 343 2191 cum
368 2138 511 2191 lavatione
534 2137 684 2191 coniuncta
709 2137 754 2193 sit.
791 2139 832 2192 Ac
855 2137 981 2208 profecto
1007 2138 1125 2207 praebet
1146 2136 1229 2191 nobis
1247 2154 1370 2207 papyrus
1389 2136 1518 2190 Parisino,

279 2217 402 2286 aliquid,
426 2218 502 2285 quod
525 2217 645 2271 conferri
667 2234 750 2287 posse
772 2218 842 2271 mihi
862 2218 984 2273 videtur.
1021 2218 1060 2271 Ut
1081 2216 1182 2271 melius
1206 2218 1328 2283 eluceat,
1357 2234 1413 2285 qua
1435 2216 1466 2269 in
1488 2233 1518 2270 re

280 2295 472 2364 consentiant,
496 2296 666 2350 Pausaniam
692 2313 802 2365 quoque
822 2297 950 2352 describo
969 2296 1019 2367 (IX
1033 2302 1075 2363 39,
1091 2301 1131 2367 7):
1154 2306 1251 2364 πρᾶπα
1269 2295 1320 2365 μὲν
1338 2296 1369 2351 ἐν
1386 2305 1420 2367 τῇ
1439 2297 1518 2351 νυκτί

280 2378 366 2433 αύτὸν
385 2376 501 2447 ἄγουσιν
521 2376 567 2430 ἐπί
580 2377 630 2432 τδν
648 2377 803 2446 ποταμὸν
816 2374 1033 2446 τὴνἜρκυναν,
1047 2374 1200 2446 ἀγαγόντες
1213 2375 1245 2431 δὲ
1264 2374 1363 2449 ἐλαίῳ
1382 2378 1518 2447 χρίουσι

278 2459 327 2513 καί
350 2456 462 2512 λούουσι
487 2456 539 2511 δύο
563 2458 664 2519 παῖδες
687 2459 743 2512 κτλ.
780 2458 864 2526 Apud
886 2457 977 2511 Wess.
997 2456 1043 2511 Gr.
1062 2457 1283 2523 ΖΡ.102,Ᾰ,3246
1302 2474 1361 2525 sqq.
1386 2456 1519 2527 leguntur

281 2538 364 2593 haec:
383 2534 509 2607 ποίησις·
524 2537 705 2605 καθαρεύσας
722 2537 760 2599 ὡς
775 2536 879 2605 ἔμαθες
896 2538 944 2591 καί
958 2537 1050 2608 λαβὼν
1063 2536 1198 2604 ποτήριον
1217 2534 1334 2606 χαλκίον
1343 2535 1455 2607 γράψον
1470 2535 1519 2589 διὰ

279 2614 499 2687 ζμυρνομέλανος
521 2616 572 2686 τὴν
600 2614 850 2687 προγεγραμμένην
873 2616 974 2686 στήλην
1003 2614 1249 2687 ἐπι[κ]αλουμένην
1268 2614 1442 2686 Ἀφροδίτην
1469 2617 1517 2669 καί

279 2706 397 2767 χρῖσαι
424 2694 526 2769 ἐλαίῳ
557 2698 724 2769 α..αστικῷ
752 2698 801 2751 καί
826 2695 909 2750 ύδατι
938 2695 1091 2769 ποταμίῳ
1118 2700 1238 2769 καθαρῷ
1261 2699 1316 2751 κτλ.
1344 2706 1438 2766 χρῖσαι
1460 2694 1517 2749 iam

279 2777 368 2832 Wess.
388 2776 542 2845 intellexit3
560 2776 683 2830 traditur
701 2794 809 2847 χρησαι.
840 2775 945 2841 Quodsi
968 2776 1150 2843 dubitaveris,
1169 2793 1206 2829 an
1220 2776 1334 2830 verbum
1347 2773 1436 2847 χρίειν
1455 2793 1518 2829 cum

281 2857 386 2924 ‘aqua’
412 2856 545 2925 coniungi
568 2856 670 2925 possit,
694 2856 765 2909 alios
788 2855 843 2911 tibi
865 2856 942 2910 locos
966 2856 1035 2909 duos
1055 2856 1238 2923 admoverim,
1264 2854 1366 2935 quibus
1385 2855 1432 2909 hic
1451 2873 1517 2909 usus

279 2953 413 3022 loquendi
441 2954 615 3010 stabiliatur:
634 2955 729 3023 ,Wess
748 2952 794 3009 Gr.
814 2954 865 3009 ZP.
881 2959 948 3020 104,
968 2959 1002 3007 65
1018 2971 1073 3021 sq.:
1098 2952 1224 3024 ἐγχρισον
1247 2956 1289 3022 (εν
1310 2932 1391 3023 Sp)
1414 2952 1446 3007 δὲ
1468 2953 1518 3008 τὸν

279 3035 372 3100 δεξιὸν
391 3034 542 3103 ὀφθαλμὸν
561 3032 628 3103 μεθ’
647 3032 759 3097 ύδατος.
797 3034 926 3089 Alterum
943 3033 1086 3088 Dieterich
1100 3033 1200 3103 Papyr.
1215 3050 1288 3103 mag.
1304 3052 1331 3103 p.
1347 3039 1399 3088 815
1413 3032 1452 3087 XI
1469 3041 1517 3088 32:

280 3112 429 3184 ἐξαλείψας
458 3112 568 3187 πηγαίῳ
599 3112 689 3169 ύδατι.
727 3114 787 3168 Ηοο
815 3113 1011 3168 tantummodo
1039 3113 1203 3183 ambiguum
1229 3130 1282 3167 neo
1314 3114 1384 3168 satis
1412 3116 1519 3167 certum

279 3194 397 3261 videtur,
421 3196 516 3249 utrum
538 3204 640 3265 χρῖσαι,
663 3195 752 3249 forma
776 3193 920 3260 medialis,
943 3193 1087 3261 reflexive,
1106 3196 1139 3247 ut
1157 3192 1250 3247 dicere
1265 3194 1401 3259 solemus,
1421 3192 1459 3246 sit
1476 3193 1518 3245 in-

282 3274 443 3344 tellegenda
471 3292 507 3329 an
531 3274 694 3343 dynamioe,
719 3273 762 3328 ita
786 3276 819 3327 ut
843 3274 1009 3342 ‘norqqcov’
1035 3273 1211 3327 accusativus
1231 3273 1354 3343 suppleri
1380 3276 1517 3343 oporteat.

282 3353 420 3422 Equidem
437 3354 559 3423 priorem
578 3354 748 3409 sententiam
766 3370 881 3421 sequor,
908 3356 1003 3407 tamen
1029 3354 1151 3407 concedo
1171 3354 1289 3407 alteram
1308 3370 1418 3421 quoque
1436 3369 1518 3422 posse

281 3432 402 3486 defendi.
441 3433 496 3487 Sed
514 3433 709 3502 quoquomodo
732 3450 776 3487 res
801 3448 861 3487 sose
880 3433 982 3500 habet,
1008 3434 1061 3487 hoc
1084 3433 1198 3501 quidem
1221 3433 1314 3486 elucet
1335 3432 1450 3486 lavandi
1468 3451 1518 3486 un-

280 3512 421 3582 gendique
440 3512 526 3567 ritum
543 3512 590 3566 hic
609 3512 668 3566 illic
687 3512 808 3567 eundem
831 3530 904 3580 esse,
931 3513 1071 3568 lustrandi
1089 3530 1174 3567 causa
1198 3512 1307 3567 scilicet
1326 3512 1517 3567 constitutum.

280 3593 388 3660 Restat,
406 3595 440 3647 ut
459 3592 597 3647 adiectivo
616 3592 660 3646 illi
680 3595 809 3663 corrupto
827 3593 871 3647 vel
893 3594 988 3663 potius
1006 3592 1111 3663 partim
1130 3594 1238 3660 deleto,
1262 3592 1337 3661 quod
1356 3590 1438 3664 ἐλαίῳ
1457 3593 1519 3647 voci

280 3672 448 3741 adnectitur,
468 3672 576 3741 aliquid
600 3672 726 3727 medelae
751 3673 852 3727 afferre
876 3690 1014 3728 conemur.
1052 3673 1161 3727 Desunt
1184 3672 1296 3726 litterae
1315 3672 1388 3726 duae
1406 3672 1519 3741 punctis

280 3753 388 3807 duobus
407 3770 425 3807 a
444 3753 589 3821 Wosselyo
608 3755 732 3807 notatae.
770 3752 950 3807 Adiectivum
967 3753 1039 3807 illud
1058 3753 1095 3807 ad
1114 3750 1195 3825 ἐλαίῳ
1214 3752 1355 3822 pertinere
1374 3754 1407 3806 ut
1423 3752 1518 3806 termi-

278 3832 394 3887 natione
413 3838 464 3905 ικῷ
484 3833 643 3887 declaratur
661 3832 703 3887 ita
721 3836 870 3902 propterea
888 3850 1000 3903 quoque
1014 3834 1158 3903 probatur,
1177 3832 1253 3900 quod
1268 3848 1386 3899 sequens
1403 3831 1516 3887 ‘dduxi'

280 3914 378 3967 eodem
396 3913 479 3966 modo
499 3912 625 3982 epitheto
649 3911 808 3982 praeditum
832 3916 883 3967 est.
921 3913 1114 3982 Supplendum
1137 3914 1181 3965 est
1203 3911 1397 3985 ἀ[σπ]αστικῳ.
1434 3913 1519 3967 Cuius

278 3993 353 4046 vocis
372 3992 541 4064 significatio
561 3996 605 4063 (=
625 3994 808 4063 salutatorus)
838 3993 930 4062 magis
945 3992 1069 4046 dilucide
1089 3991 1246 4061 apparebit,
1266 3991 1290 4045 si
1305 4008 1339 4045 ex
1352 3993 1451 4047 eadem
1469 4010 1519 4063 pa-

280 4089 350 4141 pyro
369 4072 498 4128 Parisina
517 4074 637 4128 alterum
654 4072 852 4143 protulerimus
875 4073 976 4126 locum.
1004 4071 1139 4141 Inspicias
1158 4072 1247 4126 Wess.
1259 4078 1369 4139 36,638.
1406 4072 1518 4140 Versus,

281 4152 330 4219 qui
349 4154 527 4220 antecedunt,
545 4154 708 4208 describunt
727 4153 773 4207 dci
792 4152 938 4207 cuiusdam
951 4152 1045 4223 (Solis)
1064 4151 1194 4206 advocati
1212 4151 1343 4206 habitum
1361 4155 1423 4221 (635
1434 4155 1517 4222 sqq.):

282 4232 340 4305 ὅψη
358 4232 430 4286 θεὸν
449 4234 582 4301 νεώτερον
602 4236 695 4303 εὐειδῆ
713 4230 898 4303 πυρινότριχα
917 4232 947 4287 ἐν
970 4242 1066 4303 χιτῶνι
1083 4235 1170 4304 λευκῷ
1193 4232 1242 4286 καί
1264 4232 1384 4303 χλαμύδι
1402 4229 1518 4302 κοκκίνη

282 4312 379 4383 ἐχοντα
402 4312 521 4381 πύρινον
545 4311 691 4382 στέφανον.
730 4312 861 4381 Sequitur
878 4315 1074 4382 praeceptum:
1103 4309 1210 4375 εύθέως
1233 4310 1357 4365 ύίσπασαι
1375 4310 1462 4365 αύτδν
1480 4316 1518 4381 τῷ

280 4388 388 4463 πορίνῳ
407 4393 441 4461 (t)
460 4393 663 4466 ἀσπαστικῷ.
701 4392 742 4447 Dc
769 4410 835 4448 voce
861 4391 1015 4465 ‘avotvp’,
1038 4408 1110 4460 quae
1134 4390 1203 4459 quid
1222 4390 1328 4457 valeat,
1353 4390 1430 4443 haud
1449 4388 1518 4443 satis

211 4597 379 4652 scholiastae
407 4596 600 4651 testimonium
628 4596 720 4651 Piraei
750 4596 973 4666 intellegendum
1000 4613 1061 4651 esse
1090 4593 1280 4665 Asclepieum,
1314 4610 1378 4645 cum
1406 4609 1515 4647 sacrum

210 4678 349 4731 urbanum
367 4680 468 4745 quarto
488 4676 599 4730 demum
618 4676 730 4731 saeculo
749 4677 894 4733 conditum
912 4679 993 4731 esset.
