3550 5317
280 329 321 391 86
861 326 953 396 Caput
970 325 1016 378 IV.

282 492 416 576 ἀρωγὴν
440 541 447 557 .
472 543 478 555 .
503 540 509 554 .
532 493 652 566 τόπος
676 487 840 575 οὐδείςί)
865 542 871 553 ,
897 542 902 553 .
928 541 934 553 .
959 490 1003 566 ὡς
1021 487 1075 553 καί
1094 492 1167 553 τότε
1185 490 1407 576 Χριστοδύριμ
1429 490 1590 573 φανέντες

281 588 467 671 καλέσαντι,
494 587 512 653 ὁ
536 584 597 671 μὲν
619 588 754 672 ἠρεμεῖν
777 599 847 664 τοῖς
871 586 1005 671 ἀνέμοις
1027 586 1208 670 ἐκέλευσεν,
1231 587 1249 651 ὁ
1269 583 1306 651 δὲ
1323 587 1499 670 ἡσυχάζειν
1518 587 1589 653 έπε-

280 691 358 771 τίμα
381 697 450 762 τοῖς
472 686 594 751 ὕδασιν
616 692 683 751 κτλ.
709 689 738 768 8,
752 685 840 749 3437
853 683 876 749 O
888 707 957 769 sqq.
1004 684 1209 749 Theodorum
1228 687 1261 749 in
1280 686 1361 750 mari
1379 708 1475 750 arena
1494 686 1588 750 obru-

279 789 350 848 tum
375 788 502 848 servant
524 781 576 867 53,
591 783 676 847 3621
689 782 727 848 A.

368 883 466 947 Domi
498 886 652 965 apparent
680 882 782 946 sancti
811 879 1011 945 christodori
1040 882 1206 945 oeconomi
1229 882 1336 965 uxori,
1365 882 1483 966 quippe
1507 905 1588 966 quae

281 982 397 1044 marito
430 980 620 1066 persuadere
653 984 798 1063 conetur,
829 1001 870 1043 ne
903 982 1081 1062 martyrum
1112 977 1271 1062 templum
1302 978 1589 1044 administrandum

282 1079 448 1161 suscipiat:
476 1079 558 1142 κατά
585 1079 664 1153 τοὺς
691 1077 819 1153 ὕπνους
845 1086 892 1163 τῷ
922 1078 1050 1164 γυναίῳ
1077 1075 1287 1161 παρέστησαν
1316 1081 1383 1142 κτλ.
1408 1077 1437 1161 9,
1452 1077 1588 1143 34441),

281 1175 363 1240 Item
387 1175 472 1259 apud
494 1172 714 1258 Athanasiam,
739 1196 819 1257 quae
842 1174 960 1238 sanctis
984 1173 1202 1257 maledicebat,
1225 1175 1375 1239 videntur
1393 1197 1526 1258 eamque
1549 1176 1589 1240 ad

282 1273 440 1357 templum
464 1293 558 1337 suum
581 1276 705 1354 vocant,
728 1275 765 1335 ut
788 1276 929 1336 curetur:
953 1275 1130 1355 φαίνονται
1153 1270 1231 1337 καθ’
1256 1272 1366 1337 ὕπνον
1388 1273 1471 1358 αὐτῇ
1494 1295 1590 1358 παρι-

284 1373 439 1455 στάμενοι
467 1368 523 1434 καί
547 1422 553 1434 .
578 1419 584 1434 .
608 1420 615 1433 .
644 1369 807 1452 λέγοντες·
837 1365 916 1434 §aaa
944 1369 1027 1454 πρὸς
1054 1369 1139 1453 ἡμᾶς
1162 1368 1225 1456 (εἰς
1253 1366 1347 1435 οἷκον
1373 1371 1437 1456 γάρ
1464 1370 1590 1456 ὑπῆρχε

283 1472 342 1534 τὸν
367 1465 468 1554 ίδιου)
492 1466 547 1532 καί
571 1468 631 1551 τήν
659 1467 764 1552 βῶσιν
786 1466 879 1551 ἡμεῖς
907 1484 960 1531 σοι
984 1467 1185 1552 δωρούμεθα
1204 1468 1256 1550 29,
1270 1466 1406 1532 35121).
1453 1467 1590 1533 Sanatur

286 1567 402 1631 mulier
429 1570 462 1630 et
485 1567 687 1631 convertitur.
714 1603 757 1612 -
786 1563 957 1629 Cosmiano
984 1569 1162 1648 martyrum
1191 1587 1316 1629 sacrum
1343 1566 1534 1651 adgressura
1556 1569 1591 1632 in

282 1666 396 1728 itinere
420 1688 439 1728 a
462 1663 590 1728 diabolo
613 1686 671 1748 per
699 1663 809 1728 dolum
837 1686 854 1727 e
882 1685 977 1727 curru
1005 1663 1127 1727 eicitur.
1179 1662 1291 1728 Nihilo
1315 1664 1421 1729 minus
1445 1667 1590 1748 pervenit

282 1763 323 1826 ad
351 1765 478 1826 sanctos
507 1764 602 1843 atque
630 1762 812 1846 precatione
840 1765 968 1844 peracta
996 1761 1042 1824 sic
1069 1782 1123 1825 cos
1156 1761 1353 1844 adloquitur:
1380 1763 1504 1846 ταύτην
1534 1761 1590 1850 (sc.

282 1861 343 1943 την
358 1856 472 1945 εὐχήν)
488 1860 532 1935 ὡς
548 1859 741 1942 ἠβουλόμην
759 1857 917 1923 τελέσασα
935 1860 1037 1923 πόλιν
1056 1860 1168 1923 οἴκαδε
1186 1860 1370 1944 πορεύομαι
1390 1859 1591 1936 οῦκ-ἀλλους

221 2033 224 2044 Ι
284 1959 419 2042 ἰατροὺς
441 1965 501 2020 τοῦ
526 1955 606 2040 ἐμοῦ
624 1954 826 2041 ποιησομένη
846 1959 1040 2039 νοσήματος,
1059 1954 1128 2020 ἀλλ’
1152 1957 1238 2041 ὑμᾶς
1257 1957 1370 2022 ἐλθεῖν
1390 1956 1493 2023 ἐκεῖσε
1510 1981 1591 2043 προ-

281 2053 447 2140 τρέπουσα
475 2052 529 2118 καί
559 2055 620 2137 τήν
648 2053 744 2137 ὑμῶν
774 2053 909 2139 ἀρωγήν
936 2052 1156 2138 ἀναμένουσα,
1184 2052 1228 2118 ἵν’
1262 2056 1370 2141 ὥσπερ
1401 2055 1590 2142 ἐρρωμένην

282 2177 322 2236 με
352 2161 409 2236 τῆς
438 2149 546 2228 ἑστίας
574 2154 744 2236 εἰλήφατε,
772 2151 878 2228 ούτως
911 2150 1014 2216 ἐκεῖσε
1041 2152 1243 2237 γιγνομένην
1272 2154 1421 2236 ἰάσησθε.
1467 2153 1590 2230 Quibus

283 2251 377 2314 dictis
401 2249 469 2315 abit
492 2248 695 2326 ἀδιστάκτως
718 2250 931 2333 πιστεύουσα,
956 2250 1000 2325 ως
1018 2250 1150 2327 πάντως
1170 2249 1326 2327 ἐλθόντες
1350 2253 1382 2315 οἰ
1405 2252 1494 2334 ἀγιοι
1516 2250 1586 2317 κατ’

283 2342 376 2412 οἷκον
399 2348 503 2430 αὐτὴν
526 2347 790 2432 θεραπεύσασιν.
814 2347 832 2411 ὃ
854 2345 911 2412 καί
934 2346 1107 2431 γεγένηται
1130 2399 1138 2412 .
1163 2402 1169 2412 .
1193 2399 1200 2412 .
1223 2347 1292 2413 κατ’
1320 2349 1426 2433 αὐτήν
1444 2352 1506 2435 γὰρ
1530 2352 1591 2433 την

282 2445 385 2509 νύκτα
409 2447 572 2528 σχήμασιν
596 2445 720 2529 ἰατρῶν
743 2443 954 2529 ἀφικόμενοι,
985 2449 1020 2510 τί
1045 2444 1087 2509 ἀν
1114 2449 1199 2530 ἔχοι,
1226 2449 1288 2529 τὴν
1314 2449 1513 2531 Κοσμιανὴν
1535 2472 1590 2511 κα·

280 2543 474 2607 θεύδουσαυ
497 2544 618 2626 ήροντο
641 2546 708 2605 κτλ.
732 2541 784 2624 33,
799 2541 887 2605 3533
899 2541 932 2607 0.
942 2543 981 2606 D.

369 2639 479 2704 Etiam
501 2638 555 2702 hic
578 2642 778 2702 asseveratur
801 2638 881 2702 illud
904 2639 992 2724 ὄπαρ
1017 2641 1077 2704 ούκ
1101 2643 1183 2726 ὄναρ
1212 2638 1266 2727 (cf.
1285 2665 1315 2725 p.
1335 2639 1385 2728 5),
1409 2643 1495 2725 quod
1523 2645 1592 2726 qui-

282 2738 354 2802 dem
378 2738 418 2802 ad
445 2740 623 2819 martyrum
651 2736 808 2800 visionem
837 2737 964 2800 attinet:
992 2735 1108 2802 Isidori
1139 2739 1200 2822 τήν
1226 2741 1404 2804 πίστιν·οί
1428 2742 1591 2825 μάριυρες

281 2836 483 2919 ἀγασάμενοι
519 2833 588 2898 ούκ
619 2835 713 2918 ὄναρ
745 2831 823 2899 ἀλλ’
859 2833 963 2919 ύπαρ
992 2834 1081 2922 αὐτῷ
1108 2840 1378 2921 παραφαίνονται
1406 2889 1412 2901 .
1442 2891 1448 2902 .
1478 2891 1484 2902 .
1508 2838 1526 2904 ὁ
1554 2835 1591 2903 δέ

281 2944 348 2997 τῶν
372 2932 408 2996 έν
435 2940 481 3018 τῷ
503 2933 567 3018 νεῷ
591 2934 767 3016 παρόντων
790 2933 883 3008 τινάς
905 2931 1085 3016 ὑπολαβὼν
1108 2928 1195 2998 εἰναι
1224 2938 1303 3011 τοὺς
1330 2937 1501 3020 μάρτυρας
1523 2940 1591 3000 κτλ.

281 3031 311 3112 4,
330 3029 459 3092 3432Β.
497 3032 610 3114 Κῦρος
630 3079 680 3094 ...
700 3039 744 3118 τῷ
765 3039 922 3094 νοσοῦντι
940 3033 1136 3115 παρίσταται
1157 3029 1205 3116 (in
1226 3029 1367 3118 balneo),
1386 3033 1456 3097 ούκ
1479 3035 1591 3117 ὄναρ,

283 3127 327 3203 ὡς
350 3135 420 3202 τοῖς
441 3130 572 3192 πλείοσι
595 3129 758 3211 φαίνεται,
782 3125 862 3192 ἀλλ’
889 3126 992 3210 ύπαρ
1016 3125 1068 3211 52,
1082 3126 1169 3190 3617
1182 3125 1264 3209 cfr).

368 3222 539 3288 Somnium
562 3246 634 3288 cum
662 3226 796 3289 veritate
825 3225 1043 3310 coniungitur:
1071 3225 1168 3288 ficum
1195 3229 1327 3309 aegroto
1355 3248 1412 3309 per
1440 3248 1589 3291 somnum

282 3344 300 3384 a
323 3321 518 3404 martyribus
541 3321 722 3404 praebitum
745 3323 893 3407 proximo
918 3323 968 3387 die
992 3346 1073 3387 uxor
1096 3324 1164 3386 eius
1188 3323 1222 3386 in
1244 3322 1327 3388 lecto
1352 3325 1488 3388 invenit:
1512 3325 1530 3391 δ
1554 3323 1591 3391 δὲ

281 3420 342 3502 τήν
366 3419 483 3503 ίσχάδα
507 3418 683 3503 δεξόμενος
705 3422 830 3504 ταύτην
853 3416 939 3486 εἰναι
961 3422 1022 3505 τήν
1050 3418 1127 3485 καθ’
1155 3419 1282 3497 ύπνους
1312 3421 1400 3509 αύτῷ
1430 3424 1591 3489 δοθεῖσαν

284 3516 489 3600 ἀπήγγελλεν
511 3515 542 3602 5,
557 3515 690 3581 3433Β.
736 3517 847 3583 Menas
869 3520 1015 3584 notarius
1039 3542 1096 3602 per
1119 3519 1280 3583 somnium
1303 3543 1322 3583 a
1346 3521 1464 3584 sanctis
1483 3521 1590 3606 flagel-

283 3614 369 3679 latus
394 3615 439 3690 ὡς
461 3614 550 3699 ύπαρ
569 3613 729 3698 πληχθείς
748 3611 814 3698 εἰχε
832 3619 911 3693 τοὺς
929 3618 1091 3700 μώλωπας
1115 3613 1348 3702 (‘Sehwielen’)
1371 3617 1423 3701 39,
1437 3617 1525 3681 3576
1536 3617 1569 3683 0.

370 3712 506 3777 Ioannes
531 3714 661 3796 quidam
684 3710 850 3799 caecus2)
874 3715 1052 3778 καθεύδων
1075 3712 1195 3778 ἑαυτὸν
1218 3712 1341 3778 ἑστῶτα
1359 3716 1423 3799 πρὸ
1442 3725 1502 3779 τοῦ
1521 3728 1589 3780 τῶν

285 3811 392 3894 ἁγίων
424 3813 540 3894 ἐβλεπε
570 3813 737 3895 μνήματος
766 3815 832 3875 κτλ.
856 3811 914 3893 37,
933 3809 1018 3874 3561
1032 3809 1064 3874 Ο.
1111 3809 1311 3894 Sophronius
1341 3812 1387 3887 εἰς
1417 3812 1591 3897 εὐκτήριόν

281 3933 313 3972 τι
339 3960 344 3972 .
370 3961 376 3972 .
401 3960 407 3972 .
432 3906 551 3973 ἑαυτὸν
570 3911 801 3995 εἰσερχόμενον
819 3911 956 3990 ἔβλεπεν
977 3907 1027 3989 70,
1042 3907 1181 3971 367213:
1200 3930 1294 3972 suum
1313 3908 1456 3992 ipsorum
1475 3931 1590 3994 corpus

282 4007 389 4069 videre
414 4006 519 4070 solent
541 4029 599 4089 per
622 4029 771 4072 somnum
794 4005 994 4070 ambulantes
1023 4005 1197 4069 secundum
1225 4006 1419 4091 Koonigium
1448 4007 1496 4071 De
1520 4007 1591 4072 Ari-

284 4103 376 4168 stidis
399 4103 604 4169 incubatione
628 4128 658 4188 p.
679 4104 698 4166 6
718 4105 788 4169 adn.

371 4201 544 4266 Dormiunt
567 4201 755 4268 incubantes
779 4207 901 4268 strato
926 4203 1093 4289 supposito
1113 4203 1148 4266 in
1170 4202 1240 4286 ipso
1265 4202 1360 4268 solo:
1383 4201 1438 4268 καί
1456 4211 1590 4269 τεθεῖσα

372 4468 398 4536 1)
417 4466 451 4522 cf.
472 4471 515 4535 35,
530 4464 646 4520 3645D:
667 4465 750 4522 οὐδὲν
770 4468 862 4522 αὐτῶν
880 4477 936 4522 τῶν
959 4469 989 4523 ἐν
1008 4465 1153 4536 κτίσμασιν
1182 4467 1301 4538 ἄβατον,
1321 4469 1372 4522 oba
1398 4468 1537 4537 οὐρανός,
1556 4469 1589 4522 οῦ

282 4557 326 4617 γῖη,
345 4548 396 4602 οῦκ
416 4547 480 4616 ἀήρ,
499 4548 532 4601 ού
551 4555 616 4615 πῦρ,
636 4547 686 4617 οὐχ
705 4544 790 4616 ὕδωρ,
808 4549 841 4601 ού
860 4546 997 4618 θάλαττα,
1016 4547 1086 4601 ἀλλά
1104 4545 1198 4602 πάντα
1213 4546 1372 4618 διέρχονται
1385 4549 1450 4610 τοῦς
1468 4550 1589 4619 εὐσεβεῖς

283 4629 332 4680 καὶ
349 4629 464 4690 πιστοὺς
483 4627 672 4692 διασώζοντες.

373 4708 399 4776 2)
417 4715 506 4761 ταῦτα
525 4707 596 4761 καθ’
617 4705 724 4770 ὄπνους
741 4707 757 4761 δ
776 4706 844 4771 τέως
861 4708 988 4778 τυφλὸς
1006 4707 1182 4778 θεασάμενος
1200 4713 1243 4775 37,
1258 4712 1329 4761 3564
1339 4707 1369 4761 Α.
