3550 5317
585 355 627 412 De
644 355 799 409 incubandi
817 355 920 411 ritibus
939 356 1135 425 symbolisque.
1465 347 1515 423 21¹

202 521 339 586 Adneoti
363 524 479 605 potest,
508 520 594 605 quod
617 521 655 585 de
683 518 842 585 Charonio
865 518 996 605 Nysaeo
1020 518 1138 584 Strabo
1165 519 1391 607 narrat(le
1416 522 1444 605 1,
1463 522 1508 586 44

201 643 231 704 p.
256 614 348 707 650):
382 620 512 684 iuvenes
543 618 759 703 ephebosque,
797 640 869 682 cum
901 617 1116 683 celebraretur
1151 619 1338 705 panegyris,
1375 619 1508 683 meridia

200 718 303 782 nudos
332 714 384 803 (cf.
418 717 502 781 infra
533 739 563 802 p.
584 714 641 803 24)
674 719 770 800 atque
805 714 952 803 unct0s¹)
987 720 1116 781 taurum
1153 716 1188 780 in
1224 719 1352 781 antrum
1385 716 1508 801 ducere,

202 816 259 879 ubi
281 814 429 879 homines
452 814 633 880 incubando
658 814 708 879 dei
732 813 866 879 consilia
890 818 1074 901 exspectare
1098 814 1253 879 solebant.

200 1043 374 1098 Meilichium
392 1041 465 1097 Naxi
484 1042 514 1095 in
533 1037 633 1111 insula,
658 1042 692 1097 do
717 1042 794 1097 cuius
815 1040 979 1112 cognomine
998 1060 1023 1097 v.
1043 1043 1144 1097 Athen.
1164 1043 1203 1097 III
1222 1049 1256 1097 78
1267 1061 1294 1099 c:
1322 1044 1372 1097 διὰ
1389 1043 1440 1114 τὴν
1458 1053 1508 1098 τοῦ

199 1122 314 1179 συκίνου
332 1131 441 1192 καρποῦ
460 1122 625 1191 παράδοσιν.
646 1123 691 1177 διὸ
709 1124 758 1177 καί
776 1122 808 1177 τὸ
822 1120 984 1191 πρόσωπον,
997 1165 1003 1176 .
1016 1130 1077 1175 ,τοῦ
1091 1119 1240 1192 Μειλιχίου
1255 1120 1379 1179 οτίκινον.
1398 1124 1434 1177 τά
1452 1124 1506 1194 χάρ

200 1212 270 1259 σῦκα
289 1201 396 1274 μείλιχα
410 1206 578 1272 καλεῖσθαι.)
607 1202 764 1257 Obscenam
779 1218 890 1272 quoque
904 1200 981 1254 illius
995 1200 1103 1254 fructus
1119 1200 1353 1272 significationem
1367 1202 1506 1257 attendas.

197 1285 239 1338 De
253 1285 306 1337 fica
324 1282 353 1336 in
372 1282 490 1352 magicis
509 1302 533 1338 v.
553 1283 631 1337 Riese
651 1302 671 1337 s.
685 1301 710 1337 v.
725 1282 839 1352 Abergl.
854 1301 881 1351 p.
898 1286 978 1349 eosq.
996 1312 1027 1319 —
1043 1278 1170 1343 Χθόνιος
1183 1280 1337 1335 Mercurius
1355 1281 1385 1335 in
1399 1298 1508 1350 papyro
1563 1328 1566 1334 ,

198 1363 309 1433 magica
333 1363 505 1432 appellatur:
532 1362 621 1417 Wess.
642 1362 687 1417 Gr.
715 1361 765 1418 ZP.
789 1381 816 1431 p.
832 1368 875 1429 57,
896 1366 972 1415 1443.
994 1366 1076 1415 1463:
1092 1358 1181 1431 Ἑρμῆ
1200 1358 1300 1431 χθόνιε
1320 1361 1364 1430 (cf.
1381 1368 1424 1427 29,
1443 1368 1508 1417 338:

197 1440 405 1513 καταχθόνιος).
436 1442 555 1497 Omnino
574 1442 604 1495 in
617 1441 735 1513 magicis
750 1442 902 1511 plurimum
916 1442 1006 1496 valet:
1031 1440 1065 1495 cf.
1081 1442 1170 1495 Wess.
1185 1440 1231 1494 Gr.
1251 1441 1302 1496 ZP.
1318 1446 1360 1507 78,
1380 1446 1508 1509 228836,

197 1523 247 1577 ubi
261 1522 422 1576 nominatur
435 1520 549 1576 πάντων
564 1520 659 1592 μάχαν
673 1522 835 1591 ἀρχηγενής.
865 1521 961 1591 (stota
974 1521 1042 1575 oller
1054 1521 1346 1591 Τολικοεευλιοόκκνφ*
1365 1520 1509 1575 Dieterich

199 1604 325 1657 Abraxas
348 1621 375 1671 p.
391 1604 444 1671 66.)
476 1600 592 1671 Effigies
617 1600 676 1655 eius
701 1600 757 1654 vim
781 1600 921 1671 magicam
944 1602 1083 1669 praestat:
1103 1598 1209 1655 πλάσιν
1228 1597 1335 1669 Ἑρμῆν
1352 1601 1442 1654 Wess.
1461 1600 1508 1654 Gr.

200 1683 250 1737 ZP.
271 1688 314 1750 79,
333 1687 411 1735 9361.
431 1680 507 1735 idem
524 1699 551 1749 p.
569 1687 628 1749 113,
648 1687 699 1736 699
719 1708 752 1728 =
771 1682 889 1750 Kenyon
909 1679 954 1734 Gr.
969 1680 1037 1749 Pap.
1056 1697 1084 1749 p.
1101 1685 1143 1746 77,
1162 1685 1214 1733 378
1234 1678 1293 1750 (qui
1311 1679 1383 1749 legit
1396 1679 1508 1749 πλάσμα

196 1761 301 1832 Ἑρμοῦ
327 1779 418 1830 neque
440 1760 583 1833 intellegit
605 1760 801 1831 Wesselyum).
840 1760 874 1815 of.
893 1761 984 1814 Wess.
1007 1759 1087 1814 Neue
1106 1759 1152 1815 Gr.
1173 1760 1223 1813 ZP.
1243 1778 1270 1829 p.
1287 1764 1330 1826 66,
1349 1765 1383 1813 55
1394 1778 1453 1828 sqq.
1473 1788 1507 1806 =

152 1896 154 1901 ,
196 1844 314 1912 Kenyon
339 1847 399 1909 118,
423 1847 456 1896 64
468 1858 527 1909 sqq.
566 1840 618 1911 tyri
638 1841 693 1910 εἰμι
709 1839 812 1911 Ἑρμῆς
830 1840 912 1910 quasi
930 1839 1050 1894 formula
1068 1839 1192 1910 magica:
1218 1839 1308 1895 Wess.
1329 1839 1374 1893 Gr.
1395 1840 1445 1895 ZP.
1465 1846 1508 1907 96,

197 1928 274 1978 9999.
303 1920 456 1975 Divinandi
475 1938 587 1990 quoque
601 1920 642 1975 vis
662 1922 801 1989 quaedam
818 1921 894 1975 inest
911 1918 1058 1987 Mercurio,
1077 1919 1106 1972 in
1124 1918 1337 1989 lychnomantia
1355 1920 1509 1975 advocatur

197 2000 377 2073 ὁιρισμίχας
400 2000 444 2073 (cf.
468 1998 655 2072 τρισμίχιοτος
672 2000 762 2055 Wess.
784 2001 829 2057 Gr.
850 2000 901 2054 ZP.
921 2006 965 2069 43,
985 2002 1047 2070 886)
1063 1997 1167 2069 Ἑρμῆς
1186 2000 1274 2054 Wess.
1294 2000 1373 2053 Neue
1391 1999 1437 2053 Gr.
1457 2000 1507 2054 ZP.

197 2084 246 2149 38,
264 2087 316 2135 560
341 2107 374 2127 =
397 2081 515 2150 Kenyon
538 2098 564 2149 p.
582 2085 646 2146 101,
667 2085 726 2135 651,
763 2080 891 2149 Denique
914 2082 947 2134 ut
972 2079 1142 2134 somniorum
1166 2078 1360 2150 (161((ἡχήτωρ
1392 2078 1509 2149 ὀνείρων

196 2164 313 2215 vocatur
336 2159 394 2214 iam
416 2160 446 2214 in
469 2160 573 2229 hymno
596 2160 742 2214 Homerico
761 2161 800 2213 HI
826 2167 871 2229 143
904 2160 937 2215 cf.
957 2158 1101 2214 Dieterich
1119 2160 1221 2215 Abrax.
1241 2178 1268 2229 p.
1284 2165 1318 2214 65
1337 2160 1401 2214 adn.
1417 2159 1453 2213 ad
1472 2163 1508 2230 8),

197 2241 227 2294 id
246 2241 321 2308 qnod
340 2241 378 2294 ad
395 2257 446 2293 nos
469 2240 591 2293 maxime
610 2239 722 2307 attinet,
745 2240 775 2293 in
794 2240 968 2294 divinatione
986 2256 1037 2309 per
1056 2256 1183 2293 somnum
1202 2239 1356 2293 exercenda
1376 2239 1508 2317 occum't,

114 2382 118 2389 Ι
197 2340 220 2374 v.
236 2319 379 2374 Dieterich
393 2320 460 2388 Pap.
476 2336 550 2387 mag.
565 2337 592 2387 p.
608 2324 660 2372 802
679 2318 705 2372 V
719 2326 747 2374 b:
777 2318 889 2390 γράψον
909 2321 949 2383 είς
962 2320 1094 2391 βύσσινον
1109 2316 1194 2389 §oinos
1210 2363 1215 2373 .
1233 2363 1238 2373 .
1255 2363 1260 2372 .
1279 2319 1351 2374 θεὸν
1371 2317 1508 2390 [Ἑρμ]ῆν.

196 2399 363 2454 inscribitur
375 2399 401 2453 V
415 2407 444 2454 4:
469 2396 596 2466 Ὀνείρου
610 2397 724 2468 αἴτησις.
763 2399 797 2454 cf.
812 2417 838 2455 v.
854 2405 882 2454 8:
902 2398 992 2464 δεῖξαί
1011 2418 1058 2468 μοι
1077 2395 1147 2477 καθ’
1168 2397 1275 2461 ὕπνους
1291 2396 1364 2453 τόδε.
1392 2398 1508 2452 Maioris

197 2484 293 2536 tamen
316 2478 451 2533 momenti
477 2494 572 2532 versus
600 2480 667 2533 sunt
688 2480 759 2546 tres,
786 2478 835 2548 qui
858 2478 889 2532 in
911 2478 1043 2533 Mercurii
1067 2479 1171 2548 hymno
1194 2479 1326 2549 leguntur
1348 2478 1507 2548 praeceptis

197 2560 316 2631 magicis
340 2558 445 2613 inserto
465 2576 528 2612 cum
551 2558 628 2627 apud
650 2558 741 2613 Wess.
766 2559 810 2613 Gr.
831 2558 881 2613 ZP.
903 2564 967 2626 113,
986 2564 1038 2614 424
1049 2575 1109 2626 sqq.
1129 2585 1163 2605 =
1181 2559 1299 2628 Kenyon
1319 2563 1365 2624 78,
1383 2564 1436 2611 410
1447 2574 1506 2626 sqq.

198 2643 259 2694 tum
280 2640 309 2693 in
335 2638 530 2693 ‘oneiraeteto'
550 2637 681 2705 quodam,
701 2638 736 2693 de
759 2654 814 2707 quo
837 2638 912 2693 infra
931 2642 968 2709 (p.
984 2641 1028 2709 34)
1052 2637 1134 2707 plura
1157 2638 1296 2705 dicemus,
1320 2638 1410 2693 Wess.
1430 2638 1508 2691 Neue

198 2719 244 2775 Gr.
264 2720 314 2774 ZP.
334 2725 377 2786 46,
393 2725 443 2773 741
453 2736 512 2787 sqq.
528 2745 562 2765 =
576 2718 694 2787 Kenyon
712 2724 770 2785 166,
786 2724 837 2772 676
846 2736 905 2788 sqq.
934 2718 1061 2788 Hymnus
1075 2735 1094 2772 a
1107 2719 1253 2789 Wesselyo
1269 2718 1314 2773 Gr.
1331 2718 1381 2773 ZP.
1400 2736 1427 2787 p.
1442 2725 1507 2785 4sq.

196 2799 344 2854 restitutus
363 2799 439 2868 apud
457 2797 650 2852 Dieterichum
668 2814 779 2866 quoque
797 2798 939 2853 invenitur
958 2798 1072 2870 (Abrax.
1092 2802 1146 2869 64).
1174 2799 1278 2853 Versus
1297 2796 1507 2853 commemorati

197 2879 329 2950 leguntur
346 2897 372 2934 v.
392 2884 492 2947 8sqq.:

441 3007 560 3071 Μοιρῶν
578 3003 794 3073 προχνώοτης
812 3004 846 3058 σὺ
863 3000 928 3074 λίχχ
947 3005 995 3058 καί
1013 3007 1111 3066 θεῖος
1130 3003 1264 3071 ὄνειρος

442 3081 590 3152 ἡμερίνους
608 3084 779 3153 χρησμοὺς
796 3084 845 3137 καί
864 3080 1085 3151 νυκτερίνους
1103 3081 1277 3151 ἐπιπέμπων

441 3162 537 3217 ίασαι
554 3162 590 3217 τὰ
608 3165 715 3234 βροτῶν
733 3162 909 3233 ἀλγήματα
928 3171 989 3225 σαῖς
1007 3162 1222 3232 θεραπείαις.

196 3308 295 3376 Itaque
314 3307 359 3361 his
378 3306 504 3361 versibus
518 3309 578 3360 arte
593 3306 801 3376 coniungrmtur
815 3304 934 3374 μαντικὴ
949 3303 988 3359 δι’
1010 3303 1163 3372 ὀνειράτων
1180 3306 1210 3359 et
1229 3304 1339 3373 ἰατρικὴ
1354 3304 1399 3373 (cf.
1416 3302 1505 3373 Ἑρμῆ

197 3384 325 3458 εὐερχίτα
344 3384 502 3456 φαρμάκων
521 3388 684 3457 [φαρμακον
702 3387 781 3457 pap]
800 3386 888 3440 Wess.
904 3385 938 3439 N.
956 3384 1000 3440 Gr.
1016 3385 1067 3440 ZP.
1078 3391 1121 3453 66,
1136 3390 1219 3452 28sq.
1236 3412 1269 3430 =
1283 3384 1316 3439 Κ.
1333 3389 1394 3450 117,
1404 3386 1507 3453 also),

198 3483 268 3535 quas
288 3466 331 3519 dis
351 3465 491 3521 chthoniis
510 3466 638 3535 proprias
658 3482 718 3521 esse
737 3467 856 3519 constat.
888 3465 1074 3520 Memorabile
1098 3464 1225 3534 quidem,
1245 3464 1269 3517 si
1292 3464 1451 3519 memineris
1471 3465 1507 3518 ab

197 3546 366 3615 Aesculapio
393 3545 553 3614 Trophonio
579 3545 665 3600 simili
688 3545 718 3599 in
744 3546 798 3599 hac
824 3544 1007 3600 adnotatione
1033 3563 1084 3600 nos
1110 3544 1224 3612 exiisse,
1249 3561 1367 3612 quorum
1389 3546 1507 3612 uterque

200 3627 338 3682 alterutra
356 3625 485 3696 potentia
503 3625 701 3695 praecellebat.

288 3711 314 3777 1)
333 3706 466 3761 Traditur
489 3707 589 3777 γυμνοί
612 3703 832 3776 ἀπαληλιμμίνοι
858 3707 904 3761 vel
927 3705 1039 3774 similia,
1058 3706 1134 3775 quod
1152 3704 1219 3759 viris
1243 3702 1413 3758 doctissimis
1431 3703 1509 3757 vide-

196 3789 280 3842 batur
294 3789 462 3856 conuptum.
485 3785 670 3841 Coniecerunt
683 3784 901 3855 ὑπαληλιμμένοι
914 3786 1112 3854 Tzschuckius,
1127 3781 1340 3855 ἐπαληλιμμένοι
1354 3782 1508 3850 θοιεὲειοε,

196 3864 264 3921 λίπα
278 3864 457 3937 ἀληλιμμένοι
471 3865 637 3933 Meinekius,
652 3866 682 3919 id
696 3866 772 3935 quod
785 3866 917 3935 probavit
931 3866 1085 3921 Cramerus.
1109 3866 1216 3919 Tamen
1227 3881 1322 3919 omnes
1332 3862 1509 3918 coniecturae

197 3946 264 4001 illae
284 3963 507 4017 supervacaneae
527 3948 600 4014 sunt,
619 3945 686 4014 quia
705 3946 841 4001 traditum
859 3944 1080 4015 ἀπαληλιμμένοι
1098 3962 1245 4015 possumus
1264 3942 1421 3999 defendere.
1449 3943 1509 3997 Iam

197 4043 263 4081 vero
282 4026 307 4079 si
325 4026 418 4081 nullus
437 4026 509 4081 alius
528 4026 606 4081 locus
625 4026 707 4080 nobis
722 4025 959 4095 suppeditaretur,
973 4043 1028 4094 quo
1043 4025 1141 4079 eodem
1154 4025 1238 4079 modo
1253 4024 1368 4078 verbum
1383 4022 1509 4093 ἀλείφειν

199 4123 261 4159 cum
285 4104 341 4159 ἀπὸ
360 4106 569 4175 praepositione
593 4105 773 4160 coniunctum
791 4107 828 4159 ad
847 4105 987 4160 actionem
1005 4106 1148 4175 quandam
1167 4104 1330 4175 religiosam
1349 4104 1509 4175 significan-

198 4186 264 4239 dam
283 4184 476 4253 adhiberetur,
500 4185 589 4240 nihilo
617 4185 709 4241 minus
732 4203 789 4239 non
813 4185 873 4239 sine
896 4185 1073 4240 dubitatione
1099 4185 1290 4239 damnandum
1318 4187 1405 4252 esset,
1433 4183 1509 4251 quod

199 4264 346 4319 Strabonis
366 4265 475 4319 codices
494 4266 635 4320 exhibent.
672 4265 746 4320 Nam
765 4266 833 4319 'cum
857 4265 1006 4319 verisimile
1025 4265 1063 4320 sit
1081 4265 1256 4333 unctionem,
1276 4264 1311 4319 de
1330 4281 1387 4333 qua
1405 4263 1508 4333 agitur,

197 4345 338 4399 lustrandi
356 4362 441 4399 causa
460 4348 619 4414 susceptam
633 4362 701 4413 esse,
720 4346 826 4415 optime
840 4346 955 4399 verbum
969 4344 1145 4415 ἀπαλείφειν
1159 4346 1270 4399 videtur
1285 4344 1414 4409 electum,
1432 4342 1509 4409 quod

197 4426 313 4495 quidem
331 4426 385 4479 hoc
403 4425 486 4478 modo
506 4424 695 4479 circumscribi
712 4426 815 4494 possit:
840 4430 878 4498 τῷ
897 4424 1023 4495 ἀλείφειν
1042 4423 1259 4494 ἀποκαθαίρειν.
1297 4424 1428 4479 Conferas
1446 4438 1508 4476 ver-

196 4505 264 4559 bum
289 4503 485 4575 ἀπομοίττειν,
515 4504 550 4559 de
577 4521 632 4573 quo
657 4504 800 4560 Dieterich
827 4506 857 4559 in
883 4507 954 4561 Mus.
988 4506 1077 4561 Rhen.
1106 4511 1140 4560 48
1168 4524 1195 4574 p.
1216 4510 1281 4569 279,
1305 4510 1321 4557 2
1347 4500 1505 4556 adnotavit:

198 4586 352 4653 „stehcnder
375 4585 522 4640 Ανεάνυολ
540 4586 589 4651 fair
611 4586 751 4655 mysttsche
774 4586 958 4657 Ειίνιίμυνιμ“.
1000 4585 1118 4640 Accedit
1141 4602 1224 4651 nunc,
1254 4583 1364 4651 quode
1390 4580 1506 4651 papyris

198 4665 326 4735 magicis,
345 4665 477 4733 equibus
492 4664 605 4719 omnino
622 4664 788 4719 incredibile
807 4668 862 4733 est,
882 4668 1019 4733 quantum
1037 4664 1144 4720 hauriri
1162 4662 1253 4733 possit
1271 4661 1417 4729 materiae,
1437 4662 1507 4715 duos

200 4745 276 4800 locos
295 4744 458 4815 protrahere
477 4745 557 4815 licet,
581 4744 683 4814 quibus
706 4745 827 4815 quaein
846 4744 991 4801 Strabonis
1010 4744 1154 4801 codicibus
1172 4743 1288 4798 exarata
1306 4744 1380 4813 sunt,
1398 4741 1508 4798 stabili·
