3550 5317
187 330 229 394 17,
241 325 398 395 12-19,15
656 396 658 398 v
745 326 932 396 Therapontis
1061 325 1063 329 ’
1424 325 1487 389 129

185 493 242 577 νίιγ
264 491 480 574 διενεγκοῦσα
503 488 606 576 ῥᾷστα
628 493 741 576 πόρρω
764 487 889 575 ἠνέχθη
913 488 968 556 καὶ
990 498 1051 555 τοῦ
1074 491 1260 574 νοσήματος
1306 494 1311 501 “
1338 488 1489 575 ἀρρήτως

187 592 398 675 ἰατρευθεῖσα
421 590 509 674 παρὰ
531 584 601 653 τοῦΙ
616 588 790 673 μάρτυρος.

275 687 357 751 ἀλλά
380 690 417 750 τί
436 710 491 772 μοι
511 695 624 770 ταῦτα,
647 696 714 750 τῶν
731 684 947 771 θερμοτέραν
965 709 1016 762 τις
1034 688 1167 762 εἰκότως
1186 684 1263 770 ἐρεῖ,
1285 686 1394 769 παρὸν
1412 688 1491 760 τοὺς
1500 697 1544 752 1⁸-

186 793 252 850 νῦν
275 782 573 868 κατακλινομίνους
594 783 794 868 θεάσασθαι,
862 781 918 849 καί
941 781 1020 868 μεθ’
1046 783 1169 869 ἠμέρας
1192 782 1305 849 ἐλθεῖν
1327 781 1381 847 καί
1407 784 1492 847 ἰδεῖν
1529 797 1532 804 “

188 885 267 957 τοὺς
289 883 365 966 ἀρτι
387 883 573 967 πάσχοντας
654 879 906 967 ἀνερρωμένους
928 879 988 946 καί
1016 883 1201 967 σώφρονας.
1279 879 1362 946 ἀλλά
1388 881 1492 945 καλὸν

189 977 243 1044 καί
274 979 466 1065 ἀνάγραπτοι
551 987 655 1044 ταῦτα
681 989 790 1044 ποιεῖν
821 980 905 1065 πρὸς
939 977 1119 1063 ἐγκώμιον·
1200 979 1244 1064 μή
1272 979 1335 1064 γάρ
1364 980 1493 1062 ἔχοντες

187 1075 313 1155 ἔξωθεν
337 1077 498 1162 εὐφημεῖν
520 1087 590 1153 τοῖς
619 1080 731 1160 λόγοις
757 1077 817 1142 τὸν
844 1077 975 1142 δίκαιον
1071 1075 1193 1152 αύτούς
1215 1086 1283 1141 τῶν
1309 1076 1514 1159 θαυμάτωνε

186 1177 265 1252 τοὺς
287 1183 492 1261 χαρακτῆρας
515 1174 734 1260 ἐγγράφομεν,
799 1174 935 1250 ἱκανούς
958 1176 1057 1250 όντας
1080 1173 1227 1259 ἐπαίρειν
1249 1181 1310 1238 τοῦ
1334 1172 1493 1258 ἐγκωμια-

189 1272 327 1356 ζομένου
350 1273 409 1338 τὸν
432 1275 578 1338 ἔπαινον.

276 1371 457 1456 αἱμόρρους
479 1373 597 1435 τοίνυν
620 1371 706 1453 γυνή
730 1371 912 1454 σεμνοτάτη
935 1367 967 1446 ἐξ
991 1369 1075 1435 ἐτῶν
1094 1367 1174 1434 ἕπτά
1195 1379 1234 1456 τή
1259 1367 1353 1454 ῥύσει
1375 1392 1492 1454 μαραι-

187 1465 311 1552 νομένη
334 1476 395 1532 τοῦ
419 1468 555 1552 αἵματος
613 1465 774 1552 ἠσχύνετο
797 1466 956 1552 ἠδημόνει
977 1467 1095 1553 ἠπόρει
1119 1468 1169 1532 ὅτι
1190 1465 1247 1532 καί
1270 1467 1434 1552 δράσειεν,

189 1565 374 1630 ἀπειποῦσα
398 1566 516 1631 λοιπὸν
538 1572 584 1652 τῳ
607 1567 716 1652 χρόνῳ
739 1566 800 1648 τήν
825 1571 924 1630 ἰασιν.
987 1565 1070 1648 αύτη
1088 1571 1312 1649 κατηχηθεῖσα
1329 1562 1405 1648 περί
1423 1573 1529 1628 τώνιο

190 1662 338 1728 ἐνταῦθα
361 1664 450 1748 παρά
471 1686 563 1738 τινος
620 1663 788 1748 δρομαῖος
811 1660 864 1727 ἐπὶ
886 1663 927 1726 τά
945 1671 1007 1728 τοῦ
1025 1662 1191 1747 μάρτυρος
1215 1663 1299 1728 ἵεται
1322 1665 1470 1740 λείψανα.

189 1757 244 1824 καί
268 1760 398 1836 τούτοις
420 1760 621 1843 ὑγιασθεῖσα
647 1758 703 1825 καί
731 1761 851 1846 στερρὰ
873 1758 1034 1844 γενομένη
1056 1768 1103 1847 τῷ
1127 1761 1253 1844 σώματι
1336 1768 1376 1845 τή
1399 1761 1493 1845 τρίτη

191 1856 297 1943 ἠμέρῳ
319 1861 447 1923 τελείαν
475 1858 496 1942 ἡ
523 1860 703 1944 ἀνθρωπος
791 1855 846 1922 καί
869 1857 1016 1924 ὁθενοῦν
1039 1860 1143 1934 όντως
1166 1858 1339 1922 ἀνάπλεων
1432 1858 1494 1939 τήν

189 1956 292 2039 φύσιν
315 1957 377 2039 τήν
400 1953 518 2039 ἕαυτής
540 1955 773 2041 ἀνεγνώρισεν,
835 1957 1031 2040 μηδαμόθεν
1054 1952 1246 2041 μεριζομένη
1269 1953 1289 2037 ἠ
1312 1952 1493 2038 κενουμένη

189 2060 235 2139 τῷ
262 2050 476 2137 ἀσθενήματα
562 2052 667 2130 οὕτως
694 2053 856 2138 ἀφθόνως
878 2053 963 2139 ἀνήρ
990 2077 1025 2118 τε
1051 2051 1107 2118 καί
1130 2055 1272 2137 γύναιον
1370 2052 1494 2118 ἐνθάδε
1503 2074 1529 2114 ιι

190 2149 401 2235 προστρέχων
432 2151 514 2214 κατά
541 2151 579 2215 τὸ
604 2157 678 2215 ἰσον
701 2150 846 2236 εὑρίσκει
873 2152 935 2233 τήν
963 2157 1062 2216 ἰασιν.
1110 2149 1192 2235 [ἀλλ’
1231 2148 1264 2227 ἐξ
1295 2147 1415 2235 ἑτέρων
1437 2147 1491 2233 ἐφ’

187 2245 282 2332 ἕτερά
304 2270 345 2331 με
367 2247 504 2329 ἀπάγων
527 2246 544 2311 ὁ
569 2249 667 2329 λόγος
685 2244 765 2312 οὐδέ
782 2249 989 2332 βουλόμενον
1011 2246 1048 2334 ἐᾷ
1070 2248 1222 2332 σιωπᾶν]

276 2342 450 2428 Στέφανος
474 2345 537 2428 γάρ
560 2367 611 2420 τις
641 2345 841 2430 στρατιώτης
867 2355 927 2412 τοῦ
956 2348 1096 2430 στίφους
1122 2357 1189 2411 τῖεν
1211 2344 1393 2430 Ἀρμενίων
1420 2343 1494 2428 ἠμί·
1504 2356 1542 2410 19

189 2439 286 2527 ξηρος
309 2443 453 2525 γεγονὼς
477 2441 553 2517 ὅλος
576 2439 628 2506 ἐπὶ
652 2451 715 2526 γήν
739 2443 936 2527 συγκεκύφει
954 2446 1190 2528 καμπτόμενος.
1253 2441 1325 2509 ἀλλ’
1343 2444 1494 2528 ἀπῆλθεν

188 2539 292 2626 ὀρθὸς
314 2538 369 2605 καὶ
392 2538 581 2625 ὁλόκληρος,
654 2542 932 2625 παραμεμενηκὼς
959 2541 1075 2624 ὀλίγον
1102 2549 1148 2629 τῷ
1177 2542 1308 2628 ἰατρείῳ
1331 2550 1392 2607 τοῦ
1414 2541 1493 2626 μάρ-

188 2660 295 2723 τυρος.

279 2737 379 2813 ἀλλος
402 2732 440 2801 δί
461 2737 564 2802 πάλιν
585 2739 744 2822 νεώτερος
808 2735 999 2824 (Θεόδωρος
1021 2731 1064 2820 ἠν
1086 2737 1175 2824 αὐτῷ
1199 2739 1314 2822 όνομα,
1382 2736 1516 2815 ἐξκου-ε

189 2835 292 2918 βίτωρ
315 2833 441 2918 ὑπῆρχε
463 2835 501 2899 τὸ
525 2833 722 2921 στράτευμα)
821 2842 868 2922 τῷ
891 2836 980 2922 αύτῷ
1004 2834 1186 2919 κατεσχέθη
1210 2837 1381 2919 νοσήματι.

190 2927 263 2994 ἀλλ’
299 2931 339 2994 οὐ
368 2937 502 2997 πολλῶν
536 2934 746 3016 προσεδριών
777 2931 913 3015 ἐδεήθη·
944 2932 1028 3018 ὁμοῦ
1058 2934 1122 3018 γάρ
1153 2933 1273 3017 σχεδὸν
1301 2941 1348 3020 τῳ
1379 2931 1493 2998 ἐλθεῖν
1574 2934 1576 2937 ’

188 3027 326 3112 ἠλεήθη,
348 3026 403 3094 καί
426 3029 524 3112 ὑγιής
546 3029 766 3113 ἀντανήλυθε.

277 3129 327 3202 τίς
343 3128 554 3212 διατρήσεσιν
598 3126 619 3210 ἠ
639 3126 790 3212 ἐξοχάσιν
809 3127 1043 3213 ἀθεραπεύιως
1065 3138 1177 3194 νοσῶν
1198 3127 1219 3211 ἠ
1242 3130 1469 3213 ήυχιζόμενος,

190 3222 211 3305 ἠ
234 3221 290 3288 καί
314 3225 422 3300 άλλως
444 3226 579 3308 κάμνων
602 3227 639 3291 τὸ
660 3237 753 3310 σῶμα
776 3223 831 3290 καί
850 3226 912 3308 τήν
934 3228 1045 3310 φυχήν
1062 3229 1302 3311 χειμαζόμενος,
1354 3225 1493 3312 ἠπυρε-
1503 3248 1530 3287 10

188 3330 257 3396 τοῖς
284 3322 486 3405 περιοδικοῖς
508 3346 544 3386 τε
569 3321 624 3387 καί
648 3324 790 3407 φαύλοις
818 3326 1114 3408 καταφλεγόμενος,
1181 3332 1228 3411 τῷ
1257 3327 1339 3411 θείῳ
1370 3325 1493 3388 τούτου

189 3417 378 3500 πλησιάσας
389 3440 458 3496 πως
476 3421 606 3506 ἰατρείῳ
621 3420 662 3485 οὐ
676 3422 788 3505 ψυχήν
801 3417 862 3505 μὲν
873 3433 1008 3505 πρῶτον
1019 3420 1055 3486 ἐκ
1075 3430 1133 3505 τῆς
1148 3425 1264 3498 κακίας
1274 3419 1493 3507 ἀνεκαθάρθη

189 3512 244 3579 καί
268 3515 374 3593 οὕτως
397 3517 434 3581 τὸ
458 3527 551 3601 σῶμα
572 3523 695 3603 πλῆρες
718 3516 895 3602 ἀπίλαβευ;
957 3519 1043 3584 οὕτω
1062 3521 1125 3604 γάρ
1145 3515 1309 3604 οἶμαικαὶ
1329 3518 1494 3603 ἰατρεύειν

194 3615 292 3678 Θεόν·
315 3624 448 3698 πρώτον
470 3610 532 3698 μὲν
554 3616 616 3700 τήν
638 3618 749 3700 ψυχήν
773 3617 889 3682 ἰάσθαι
913 3625 973 3682 τοῦ
995 3617 1189 3701 κάμνοντος,
1270 3613 1313 3680 δι’
1341 3616 1384 3698 ἣν
1406 3617 1494 3692 εἰκὸς

189 3707 244 3774 καί
267 3711 304 3776 τὸ
327 3721 422 3796 σῶμα
444 3713 644 3796 παιδεύεται,
698 3709 762 3778 &W
790 3713 964 3790 ούτωςκαί
977 3715 1084 3802 τούτῳ
1107 3714 1168 3796 τήν
1191 3713 1391 3798 ὁλοκληρίαν
1411 3735 1493 3800 παρ-
1504 3733 1530 3775 ιε

280 3980 312 4028 12
332 3974 419 4045 ράστα
442 3976 624 4047 δϊένεγκοῦσα
642 3978 672 4031 Μ
689 3981 698 4049 ΙΙ
718 3984 784 4050 18,1
808 3975 835 4034 τί
857 3980 946 4033 ταύτα
968 3972 1198 4044 πολυπλασιάζεις
1220 3978 1256 4032 τά
1274 3977 1404 4034 ἔκπαλαι·
1429 3978 1495 4042 ἴσως

191 4059 274 4122 τινες,
293 4058 384 4126 ψευδῆ
399 4057 587 4130 ὁπὸλάβωσιν·
608 4059 633 4112 εἰ
647 4059 730 4130 βούλη
746 4058 777 4113 δὲ
796 4059 895 4128 νεὸστῆ
914 4059 986 4114 ἰδεῖν
1005 4059 1203 4129 ἐνεργούμενα·
1217 4062 1283 4128 post
1297 4059 1353 4128 ἐρεῖ
1372 4060 1435 4113 add.
1446 4060 1492 4131 ΜΙ

191 4135 283 4202 παρὸν
302 4134 327 4188 Α
343 4137 347 4204 Ι
362 4136 487 4206 πάρασχε
506 4138 535 4191 Μ
551 4140 555 4209 Ι
572 4144 588 4190 2
607 4137 769 4192 θεάσασθαι
789 4139 814 4192 A
842 4139 882 4200 εἰς
899 4138 996 4207 θέαμα
1014 4139 1043 4191 Μ
1063 4140 1068 4207 Ι
1089 4137 1154 4192 ἐλθὲ
1172 4138 1202 4190 Μ
1222 4141 1226 4208 Ι
1247 4137 1317 4202 ίδεις
1334 4139 1364 4192 Μ
1385 4143 1390 4209 Ι
1411 4141 1493 4193 3ναί

190 4217 261 4284 δήτα
280 4213 439 4284 συνείποιμῖ
455 4219 504 4271 καὶ
522 4217 618 4288 ἀυτόςῗ·
637 4222 703 4288 post
726 4221 872 4288 σώφρονας
896 4218 959 4272 add.
974 4217 1004 4269 M
1029 4221 1033 4287 Ι
1058 4217 1147 4286 4γάρ
1171 4235 1224 4271 om.
1243 4219 1273 4272 M
1293 4222 1298 4288 Ι
1319 4224 1334 4271 ό
1354 4220 1455 4280 αύτούς
1470 4219 1495 4271 A

190 4291 253 4347 ἐπεί
275 4293 327 4364 γάρ
346 4297 412 4357 τοὺς
428 4296 458 4348 Μ
474 4300 478 4366 Ι
495 4303 511 4350 6
529 4298 595 4360 τούς
612 4314 665 4351 om.
685 4299 714 4351 M
730 4302 734 4368 Ι
752 4304 785 4352 10
804 4297 873 4367 αύτή
893 4300 917 4350 Α
934 4299 938 4367 Ι
956 4303 986 4349 11
1008 4297 1141 4352 ἐντεύθεν
1156 4298 1254 4352 addito
1272 4297 1429 4367 θάύμάτων
1447 4298 1493 4370 ΜΙ

190 4373 387 4443 ῖέρομάρτυρος
412 4375 442 4428 Μ
473 4378 477 4445 Ι
509 4382 541 4429 12
566 4377 756 4446 πρὸσμεϊνοισα
781 4380 830 4432 καὶ
854 4380 920 4447 post
944 4377 1054 4439 τούτοις
1079 4378 1143 4431 add.
1163 4377 1193 4430 M
1222 4382 1226 4447 Ι
1255 4378 1424 4446 ἀγιάσθεῖσα
1447 4377 1492 4449 ΜΙ

190 4459 223 4506 13
242 4453 331 4508 τελεία
350 4453 386 4522 ἣν
404 4453 433 4508 Μ
453 4459 457 4525 Ι
478 4456 600 4512 ὁθενοῦν
619 4458 644 4511 Α
672 4456 829 4514 σθένονοαν
847 4458 878 4511 Μ
898 4461 902 4527 Ι
923 4462 956 4511 14
978 4459 1029 4528 τήν
1052 4457 1153 4528 ἐάντής
1171 4459 1256 4527 φύσιν
1282 4457 1429 4527 ἐγνώρισεν
1447 4457 1493 4529 ΜΙ

189 4532 369 4604 μεριζομένην
395 4533 412 4604 ἠ
438 4536 609 4607 κενουμένην
626 4537 656 4590 Μ
686 4541 690 4607 Ι
717 4544 749 4592 15
776 4539 808 4592 τὸ
836 4537 1020 4607 ἀσθενήματα
1042 4538 1072 4590 Μ
1097 4541 1101 4608 Ι
1132 4544 1165 4592 16
1192 4535 1264 4591 κατὰ
1291 4537 1322 4590 τὸ
1344 4536 1409 4591 ’ἴσον
1430 4540 1495 4606 post

189 4612 327 4683 ἀφθόνως
349 4615 379 4668 Μ
396 4615 407 4688 ΙΙ
427 4621 499 4684 19,6
523 4615 726 4688 οτράταγμαΑ
756 4622 760 4688 Ι
791 4617 884 4672 7ἀλλ’
907 4619 984 4673 ούΑ
1012 4619 1102 4672 ἀπλού
1120 4616 1150 4669 Μ
1177 4619 1181 4684 Ι
1211 4616 1249 4669 ἐδ.
1270 4619 1397 4685 προσεδρ.
1417 4617 1493 4690 ΑΜΙ

189 4695 220 4748 τὸ
239 4694 298 4748 AM
314 4698 350 4767 18
375 4694 560 4753 ἀντανέλυσεν
578 4698 607 4751 Μ
623 4701 628 4768 Ι
645 4704 676 4752 11
696 4697 784 4772 τούτῳ
803 4698 1047 4771 ΔΙ12πωςοιυ.
1067 4698 1092 4750 A
1107 4697 1112 4768 Ι
1128 4696 1213 4768 ἰατρῷ
1232 4696 1257 4749 Α
1273 4700 1277 4766 Ι
1295 4703 1328 4751 14
1346 4702 1391 4752 θῶ
1410 4697 1440 4750 Μ

243 4794 388 4849 Βοιώτιοι,
404 4796 432 4835 de
446 4796 600 4838 incubatione.
1265 4791 1281 4840 9
