3550 5317
571 354 612 407 De
632 354 753 407 carmine
772 353 907 423 Delphico
925 318 1084 423 Euripidae.
1435 354 1476 417 51

177 516 256 581 satis
292 520 438 580 accurate
468 516 620 581 iudicavit
650 514 845 601 Gerhardus,
875 517 931 600 qui
962 517 1039 581 dicit
1065 517 1086 581 l.
1114 538 1137 581 s.
1166 516 1352 581 Themidem
1385 517 1478 599 plane

176 614 307 677 eandem
331 614 442 678 haberi
460 618 556 698 atque
576 613 721 679 Cererem
744 613 878 697 Erinyn.
919 612 1038 699 Agitur
1056 614 1141 677 enim
1159 614 1278 678 ibidem
1298 615 1336 677 de
1355 613 1478 678 Cereris

177 734 266 776 sacro
291 710 389 776 Onoei
417 712 450 776 in
473 710 629 776 Arcadiae
652 712 770 795 oppido
795 712 866 796 sito,
894 712 946 775 cui
970 712 1050 775 duae
1068 713 1179 776 insunt
1206 716 1331 777 statuae
1355 711 1479 776 Cereris

175 808 316 892 Erinyos
334 814 367 874 et
386 808 508 874 Cereris
526 809 655 895 Lusias3
677 814 785 874 tamen
808 809 891 873 hanc
913 808 1048 873 alteram
1071 810 1170 874 fuisse
1194 810 1272 873 dicit
1294 809 1479 894 Pausanias,

177 928 257 990 quae
290 928 362 971 oum
399 905 552 971 Themide
584 903 890 991 commiscereturl),
919 929 1022 991 neque
1057 929 1132 971 vero
1166 905 1313 971 Cererem
1345 907 1478 990 Erinyn.

177 1004 320 1080 Quacum
352 1027 427 1069 sane
460 1004 609 1068 nonnihil
632 1026 799 1068 commune
826 1003 943 1068 habere
971 1003 1158 1069 Themidem
1182 1027 1255 1069 cum
1281 1004 1302 1068 l.
1322 1026 1345 1068 s.
1368 1005 1479 1087 elucet,

176 1123 240 1184 quo
268 1103 348 1166 duae
371 1102 445 1165 illae
469 1106 593 1166 statuae
616 1106 771 1185 apparent
794 1101 990 1186 coniunctae,
1009 1106 1078 1166 tum
1098 1102 1306 1166 confirmatur
1324 1124 1479 1165 memora-

175 1199 235 1262 bili
257 1200 372 1283 papyri
390 1200 532 1285 magicae
555 1200 626 1263 loco
650 1197 768 1285 (Wess.
788 1196 840 1263 Gr.
864 1198 924 1262 ZP.
947 1196 1132 1285 167195),
1156 1198 1212 1263 ubi
1238 1199 1370 1283 legitur:
1399 1196 1479 1285 (ἐπι-

175 1295 353 1384 καλοῦμαι)
376 1295 431 1361 ααὶ
457 1296 560 1381 Θέμιν
582 1294 637 1361 καὶ
654 1295 800 1387 ’Epiron

265 1392 302 1458 In
333 1395 473 1458 carmine
504 1394 679 1477 Euripideo
710 1397 863 1477 quattuor
898 1399 1070 1458 occurrunt
1099 1394 1262 1477 potentiae
1295 1393 1478 1458 chthoniae:

176 1491 275 1556 Terra
297 1492 367 1575 ipsa
390 1489 514 1579 (Γαῖα),
536 1490 675 1575 Python,
698 1490 838 1575 Themis,
863 1490 1005 1575 Chthon,
1029 1514 1110 1575 quae
1132 1492 1186 1556 hic
1209 1492 1338 1575 quidem
1362 1492 1479 1556 discer-

176 1589 264 1652 nitur
282 1612 301 1652 α
319 1588 425 1653 Terra.
462 1588 576 1674 Pugna
594 1588 678 1652 inter
695 1587 880 1672 Apollinem
901 1592 933 1652 et
950 1586 1081 1652 Terram
1101 1588 1272 1651 commissa
1291 1588 1480 1670 dispertitur

177 1687 211 1750 in
233 1690 341 1769 partes
364 1690 444 1751 tres:
470 1683 503 1771 l)
526 1685 657 1769 Python
679 1686 884 1771 interficitur,
907 1684 1037 1750 Themis
1065 1686 1105 1749 ab
1130 1684 1258 1749 oraculo
1281 1689 1480 1769 removetur3

177 1782 213 1870 2)
237 1784 322 1848 victa
344 1782 443 1848 Terra
465 1783 600 1847 rebellat
623 1786 815 1867 superatque
838 1782 1038 1868 Apollinem3
1065 1780 1101 1869 3)
1124 1782 1269 1866 luppiter
1297 1805 1367 1846 eam
1390 1782 1480 1846 sedat

175 1880 424 1963 Apollinemque
448 1880 598 1945 restituit.
635 1880 745 1944 Prima
767 1885 858 1964 parte
882 1881 962 1944 duae
981 1880 1221 1965 coniunguntur
1238 1879 1375 1963 fabulae,
1399 1902 1480 1963 quae

177 1978 307 2062 proprie
326 1977 457 2041 eandem
473 2000 539 2041 rem
556 1978 749 2061 exprimunt,
768 1975 958 2061 Apollineae
977 1977 1100 2042 scilicet
1118 1978 1285 2064 religionis
1299 1977 1480 2061 victoriam,

177 2076 211 2138 id
235 2076 329 2160 quod,
354 2079 509 2158 quantum
534 2076 614 2159 scio,
637 2074 700 2138 alio
723 2074 795 2139 loco
818 2097 885 2139 non
908 2076 1075 2159 reperitur.
1121 2074 1206 2140 illud
1229 2098 1356 2160 quoque
1384 2075 1480 2138 adno-

177 2174 310 2236 tandum
333 2173 419 2255 apud
441 2171 638 2255 Aeschylum
661 2176 694 2236 et
720 2171 913 2237 Pausaniam
942 2194 1001 2237 nec
1028 2174 1134 2236 minus
1162 2173 1196 2236 in
1224 2172 1329 2256 primo
1358 2173 1479 2255 hymno

178 2269 335 2352 Delphico
358 2268 543 2353 Apollinem
567 2268 636 2333 sine
659 2268 726 2333 ullo
753 2269 838 2333 bello
862 2269 979 2334 Terrae
1002 2270 1130 2334 filiabus
1154 2270 1334 2353 succedere,
1358 2269 1393 2333 in
1415 2291 1480 2332 ear-

176 2368 263 2431 mina
292 2370 399 2430 autem
426 2366 604 2449 Euripidae
632 2366 782 2430 videlicet
807 2367 841 2429 vi
868 2368 1027 2431 removeri
1053 2367 1239 2432 Tbemidem
1248 2364 1282 2453 ²).
1328 2365 1482 2450 Sequitur

177 2468 268 2547 parte
292 2464 393 2528 altera
415 2463 531 2528 Terrae
554 2463 695 2528 rebellio.
743 2462 873 2527 Chthon
897 2464 1018 2528 emittit
1040 2464 1208 2547 phasmata
1238 2486 1295 2528 sua
1317 2462 1480 2547 Apollinis

178 2562 280 2625 cultui
302 2562 434 2646 eiusque
457 2561 653 2626 vaticinandi
681 2561 743 2624 arti
771 2561 910 2625 maxime
933 2561 1063 2646 infesta,
1091 2584 1171 2645 quae
1194 2583 1252 2645 per
1279 2560 1403 2625 somnia
1425 2561 1481 2625 ho-

179 2659 320 2723 minibus
340 2664 515 2743 appareant
533 2664 629 2744 atque
644 2659 786 2723 indicent
799 2659 953 2723 futurum.
990 2657 1072 2722 Tum
1091 2659 1162 2742 ipsa
1180 2658 1279 2722 Terra
1292 2656 1406 2745 (Γαῖα)
1431 2659 1481 2722 de

177 2758 277 2821 clarat
312 2761 505 2840 potestatem
547 2780 637 2821 suam
657 2761 770 2841 'atque
807 2757 921 2820 adimit
956 2758 1095 2820 advenae
1134 2756 1299 2820 divinandi
1333 2756 1480 2820 honores.

178 2854 373 2918 Monendum
396 2859 493 2939 atque
523 2856 731 2939 premendum
755 2858 803 2919 est
830 2876 897 2919 non
927 2854 996 2918 sine
1027 2874 1122 2917 causa
1148 2852 1280 2917 Terram
1310 2854 1413 2936 ipsam
1438 2891 1480 2900 —

180 2949 297 3016 Gaeam
321 2950 572 3035 -Apollinem
595 2953 734 3038 vincere3
762 2974 836 3016 nam
865 2952 921 3015 illa
948 2952 1130 3037 παμμήτωρ
1158 2951 1243 3015 inter
1270 2948 1401 3033 Olympi
1428 2952 1481 3014 ad-

177 3050 334 3115 versarios
359 3072 519 3114 summum
543 3048 668 3114 obtinet
686 3049 801 3134 locum,
825 3049 877 3113 vel
895 3048 1004 3133 potius
1023 3070 1077 3112 eos
1097 3069 1207 3112 omnes
1226 3048 1260 3111 in
1281 3070 1314 3113 se
1338 3049 1481 3112 continet

177 3152 273 3231 atque
287 3147 456 3233 coniungit
463 3145 498 3234 ³).
525 3146 618 3213 Unus
633 3147 769 3231 denique
783 3150 883 3211 restat
903 3147 980 3210 deus
994 3144 1153 3210 maximus
1168 3146 1311 3229 optimus
1325 3146 1480 3230 Iuppiter,

267 3378 293 3445 1)
304 3374 410 3430 Cereris
423 3373 544 3443 Θεσμίας
558 3376 703 3430 cuiusdam
718 3374 854 3445 templum
866 3375 1099 3428 commemoratur
1114 3372 1189 3442 apud
1201 3373 1479 3439 Pausan.VlIl15‚4.

267 3458 294 3524 2)
312 3454 429 3522 Aliquid
448 3455 540 3509 simile
558 3455 633 3509 inest
646 3455 731 3510 schol.
747 3455 845 3509 Aeseh.
861 3454 941 3509 Eum.
957 3460 986 3508 2:
1007 3450 1149 3521 Πίνδαρός
1163 3471 1232 3524 φησι
1245 3454 1316 3521 πρὸς
1333 3451 1399 3524 βίαν
1413 3473 1480 3520 κρα-

177 3542 258 3604 τῆσαι
278 3536 396 3596 Πυθοῦς
413 3534 462 3589 τὸν
478 3532 644 3591 Ἀπόλλωνα·
664 3534 709 3589 διὸ
728 3536 776 3589 καὶ
795 3543 969 3601 supraposui
983 3532 1069 3588 aciabu
1084 3531 1203 3601 ἐζήτεια)
1224 3536 1272 3601 Γῆ.
1301 3531 1356 3583 Hic
1370 3546 1481 3599 quoque

178 3613 265 3666 Terra
283 3614 380 3667 contra
398 3613 559 3682 Apollinem
577 3614 704 3668 rebellat.
733 3612 902 3682 Ceteroquin
915 3612 993 3666 haud
1011 3628 1090 3665 secus
1104 3610 1298 3681 intellegenda
1316 3614 1390 3676 sunt,
1408 3625 1481 3678 quae

171 3688 288 3746 ¹Servius
308 3692 344 3745 ad
363 3692 445 3763 Vorg.
466 3693 534 3746 Aen.
549 3693 588 3747 VI
602 3699 654 3747 680
672 3693 790 3762 profertz
809 3699 853 3759 „et
865 3694 960 3760 fuant
971 3693 1084 3760 fabulae
1099 3692 1216 3747 Titurius
1230 3693 1265 3745 ab
1280 3692 1373 3745 irato
1385 3695 1482 3744 contro

179 3773 241 3827 deos
261 3772 347 3826 Terra
365 3773 403 3826 ad
420 3773 479 3826 cias
496 3773 627 3827 altionem
644 3778 754 3840 meaws,
772 3774 846 3827 unde
864 3779 888 3827 et
913 3773 1025 3827 Titanes
1047 3773 1115 3826 dicti
1140 3777 1205 3826 suat
1227 3770 1283 3823 ἀπὸ
1306 3778 1356 3839 τῆς
1378 3767 1481 3836 τίσεως,

177 3853 263 3906 idest
281 3852 316 3905 ab
334 3852 463 3906 ultiouc“.
501 3851 634 3906 Titanum
653 3869 763 3920 quoque
781 3851 887 3906 bellum
914 3854 1012 3906 contra
1029 3852 1122 3905 Iovem
1145 3854 1175 3903 et
1198 3850 1348 3920 Olympum
1370 3852 1481 3919 gestum

178 3931 295 3985 duarum
314 3930 483 4001 religionum
501 3932 607 3985 bellum
627 3931 784 4002 significare
803 3934 886 4002 putat
904 3932 1036 3986 Welokcr
1054 3931 1100 3986 Gr.
1120 3930 1238 3985 thterl.
1254 3930 1268 3983 l
1282 3935 1334 3983 265
1345 3947 1404 3998 sqq.

267 4015 294 4079 3)
313 4011 411 4079 Itaque
430 4011 573 4065 refutandi
592 4014 665 4078 sunt,
684 4011 733 4080 qui
751 4011 837 4065 verba
856 4016 930 4065 Γαῖα
949 4010 980 4065 δὲ
998 4030 1023 4064 v.
1039 4016 1107 4065 1267
1126 4013 1235 4064 mutare
1261 4010 1368 4066 volunt.
1405 4010 1482 4064 Inter

179 4108 248 4158 quos
267 4090 509 4160 Wilamowitaius,
529 4091 578 4160 qui
597 4092 673 4161 apud
691 4091 847 4145 Bruhnium
869 4108 964 4145 versus
986 4090 1061 4144 inter
1084 4107 1114 4144 se
1136 4089 1337 4160 respondentes
1364 4096 1432 4143 1242
1452 4094 1481 4143 et

180 4176 248 4223 1267
267 4168 409 4226 ἀστάκτων
433 4170 520 4242 μάτηρ
543 4170 654 4227 ὑδάτων
678 4171 730 4226 τὰν
749 4204 784 4211 -
802 4179 854 4241 μᾶς
876 4171 960 4232 εὐνὰς
979 4170 1111 4240 ἔφραζον·
1133 4180 1200 4241 γαῖα
1223 4169 1365 4225 alsonus
1389 4186 1481 4223 emen-

178 4250 280 4304 dabat:
299 4249 391 4319 priore
409 4266 489 4304 versu
508 4250 618 4307 ὑδάτων
638 4252 767 4318 eiectum,
785 4251 837 4306 τὰν
851 4251 882 4304 in
900 4258 996 4321 παγᾶν
1014 4250 1162 4319 variatum,
1181 4250 1271 4304 altero
1290 4268 1341 4320 pro
1360 4249 1480 4319 ἔφραζον

178 4330 314 4399 scriptum
337 4327 432 4399 φράζε,
454 4346 505 4398 pro
528 4338 595 4400 γαῖα
614 4363 647 4371 -
666 4330 758 4387 πάλιν.
800 4331 833 4383 Id
856 4331 931 4398 quod
955 4330 1070 4384 concedi
1097 4348 1154 4385 non
1176 4333 1277 4401 potest.
1321 4330 1395 4383 Nam
1417 4346 1480 4381 cum

178 4427 229 4480 per
248 4427 277 4464 se
295 4410 341 4463 vix
355 4409 502 4479 probabile
515 4409 626 4463 videtur
639 4411 669 4463 in
683 4410 807 4464 versibus
827 4411 1061 4479 respondentibus
1080 4410 1126 4464 hio
1145 4410 1205 4464 illie
1218 4411 1299 4464 binas
1319 4425 1400 4463 voces
1419 4425 1479 4460 mu-

180 4491 246 4558 tari,
265 4494 326 4545 tum
340 4507 373 4544 eo
387 4489 526 4543 cautiores
540 4490 593 4544 hoc
612 4490 673 4544 loco
692 4508 742 4545 nos
762 4507 822 4545 esse
837 4491 926 4558 decet,
945 4490 1012 4560 quia
1026 4508 1120 4544 versus
1135 4490 1187 4556 illi,
1206 4490 1279 4543 sicut
1292 4489 1322 4542 in
1337 4486 1480 4540 codicibus

179 4573 243 4625 sunt
267 4571 387 4637 exarati,
411 4571 530 4624 eundem
553 4586 698 4623 numerum
722 4571 857 4625 exhibent
885 4587 1038 4625 morarum:
1067 4577 1134 4624 1242
1158 4592 1432 4625 .........
1446 4593 1479 4611 =

180 4655 196 4702 8
215 4650 340 4719 syllabae
363 4651 478 4719 longae;
506 4656 574 4704 1267
594 4678 897 4705 .........
914 4651 983 4705 item
997 4678 1031 4697 =
1046 4657 1062 4704 8
1081 4650 1144 4719 syll.
1159 4649 1269 4718 longae.
1280 4648 1346 4701 Wil.
1361 4649 1480 4715 utroque

182 4745 261 4783 versu
284 4747 368 4784 unam
391 4730 529 4800 syllabam
558 4730 672 4799 longam
696 4730 828 4786 desecuit.
866 4731 972 4785 Tamen
996 4730 1125 4801 graviora
1147 4729 1274 4784 obstant:
1297 4746 1321 4781 v.
1338 4733 1404 4781 1267
1428 4744 1481 4781 vox

1231 4817 1267 4871 4*
