<?xml version="1.0" encoding="UTF-8"?>
<!DOCTYPE html PUBLIC "-//W3C//DTD XHTML 1.0 Transitional//EN"
    "http://www.w3.org/TR/xhtml1/DTD/xhtml1-transitional.dtd">
<html xmlns="http://www.w3.org/1999/xhtml" xml:lang="en" lang="en">
 <head>
  <title>
</title>
<meta http-equiv="Content-Type" content="text/html;charset=utf-8" />
  <meta name='ocr-system' content='tesseract 3.04.00' />
  <meta name='ocr-capabilities' content='ocr_page ocr_carea ocr_par ocr_line ocrx_word'/>
</head>
<body>
  <div class='ocr_page' id='page_1' title='image "./deincubationeca01deubgoog_0079.png"; bbox 0 0 3550 5317; ppageno 0'>
   <div class='ocr_carea' id='block_1_1' title="bbox 648 333 1499 398">
    <p class='ocr_par' dir='ltr' id='par_1_1' title="bbox 648 333 1499 398">
     <span class='ocr_line' id='line_1_1' title="bbox 648 333 1499 398; baseline 0.015 -13"><span class='ocrx_word' id='word_1_1' title='bbox 648 333 690 386; x_wconf 87' lang='lat' dir='ltr'><strong>De</strong></span> <span class='ocrx_word' id='word_1_2' title='bbox 707 333 889 388; x_wconf 79' lang='lat' dir='ltr'>incubatione</span> <span class='ocrx_word' id='word_1_3' title='bbox 909 333 1069 387; x_wconf 88' lang='lat' dir='ltr'><strong>christiana.</strong></span> <span class='ocrx_word' id='word_1_4' title='bbox 1384 352 1389 362; x_wconf 92' lang='grc'><strong>“</strong></span> <span class='ocrx_word' id='word_1_5' title='bbox 1458 334 1499 398; x_wconf 80' lang='grc'><strong>61</strong></span> 
     </span>
    </p>
   </div>
   <div class='ocr_carea' id='block_1_2' title="bbox 204 495 1509 780">
    <p class='ocr_par' dir='ltr' id='par_1_2' title="bbox 204 495 1509 780">
     <span class='ocr_line' id='line_1_2' title="bbox 207 495 1507 582; baseline -0.001 -21"><span class='ocrx_word' id='word_1_6' title='bbox 207 497 290 561; x_wconf 85' lang='lat' dir='ltr'><strong>Tum</strong></span> <span class='ocrx_word' id='word_1_7' title='bbox 313 518 389 560; x_wconf 86' lang='lat' dir='ltr'><strong>vero</strong></span> <span class='ocrx_word' id='word_1_8' title='bbox 413 496 509 560; x_wconf 93' lang='lat' dir='ltr'><strong>huius</strong></span> <span class='ocrx_word' id='word_1_9' title='bbox 533 496 584 560; x_wconf 91' lang='lat' dir='ltr'><strong>dei</strong></span> <span class='ocrx_word' id='word_1_10' title='bbox 606 496 764 580; x_wconf 89' lang='lat' dir='ltr'><strong>templum</strong></span> <span class='ocrx_word' id='word_1_11' title='bbox 788 497 828 560; x_wconf 91' lang='lat' dir='ltr'><strong>ab</strong></span> <span class='ocrx_word' id='word_1_12' title='bbox 852 495 1049 582; x_wconf 78' lang='lat' dir='ltr'><strong>Argonautis</strong></span> <span class='ocrx_word' id='word_1_13' title='bbox 1073 500 1271 560; x_wconf 86' lang='lat' dir='ltr'><strong>exstructum</strong></span> <span class='ocrx_word' id='word_1_14' title='bbox 1295 519 1362 561; x_wconf 91' lang='lat' dir='ltr'><strong>esse</strong></span> <span class='ocrx_word' id='word_1_15' title='bbox 1382 498 1507 581; x_wconf 78' lang='lat' dir='ltr'><strong>dicitur,</strong></span> 
     </span>
     <span class='ocr_line' id='line_1_3' title="bbox 205 593 1506 680; baseline 0.001 -23"><span class='ocrx_word' id='word_1_16' title='bbox 205 595 314 678; x_wconf 91' lang='lat' dir='ltr'><strong>itaque</strong></span> <span class='ocrx_word' id='word_1_17' title='bbox 337 616 410 658; x_wconf 88' lang='lat' dir='ltr'><strong>curn</strong></span> <span class='ocrx_word' id='word_1_18' title='bbox 433 593 582 658; x_wconf 90' lang='lat' dir='ltr'><strong>Iasonis</strong></span> <span class='ocrx_word' id='word_1_19' title='bbox 605 595 734 658; x_wconf 92' lang='lat' dir='ltr'><strong>nomine</strong></span> <span class='ocrx_word' id='word_1_20' title='bbox 758 595 918 670; x_wconf 75' lang='lat' dir='ltr'><strong>artissime</strong></span> <span class='ocrx_word' id='word_1_21' title='bbox 937 596 1156 680; x_wconf 82' lang='lat' dir='ltr'><strong>coniungitur3</strong></span> <span class='ocrx_word' id='word_1_22' title='bbox 1178 593 1274 658; x_wconf 90' lang='lat' dir='ltr'><strong>Iason</strong></span> <span class='ocrx_word' id='word_1_23' title='bbox 1292 598 1398 659; x_wconf 84' lang='lat' dir='ltr'><strong>autem</strong></span> <span class='ocrx_word' id='word_1_24' title='bbox 1422 596 1506 659; x_wconf 91' lang='lat' dir='ltr'><strong>idem</strong></span> 
     </span>
     <span class='ocr_line' id='line_1_4' title="bbox 204 690 1509 780; baseline 0.001 -25"><span class='ocrx_word' id='word_1_25' title='bbox 204 697 300 777; x_wconf 90' lang='lat' dir='ltr'><strong>atque</strong></span> <span class='ocrx_word' id='word_1_26' title='bbox 324 691 442 776; x_wconf 84' lang='lat' dir='ltr'><strong>lasion‚</strong></span> <span class='ocrx_word' id='word_1_27' title='bbox 466 693 657 757; x_wconf 82' lang='lat' dir='ltr'><strong>conferenda</strong></span> <span class='ocrx_word' id='word_1_28' title='bbox 674 691 747 757; x_wconf 91' lang='lat' dir='ltr'><strong>Iaso</strong></span> <span class='ocrx_word' id='word_1_29' title='bbox 767 690 951 776; x_wconf 83' lang='lat' dir='ltr'><strong>Aesculapii</strong></span> <span class='ocrx_word' id='word_1_30' title='bbox 975 691 1040 779; x_wconf 79' lang='lat' dir='ltr'><strong>(uel</strong></span> <span class='ocrx_word' id='word_1_31' title='bbox 1058 690 1261 778; x_wconf 82' lang='lat' dir='ltr'><strong>Amphiarai)</strong></span> <span class='ocrx_word' id='word_1_32' title='bbox 1283 691 1387 780; x_wconf 82' lang='lat' dir='ltr'><strong>filia.1)</strong></span> <span class='ocrx_word' id='word_1_33' title='bbox 1425 693 1509 769; x_wconf 75' lang='lat' dir='ltr'><strong>Quo</strong></span> 
     </span>
    </p>
   </div>
   <div class='ocr_carea' id='block_1_3' title="bbox 206 788 1615 876">
    <p class='ocr_par' dir='ltr' id='par_1_3' title="bbox 206 788 1615 876">
     <span class='ocr_line' id='line_1_5' title="bbox 206 788 1615 876; baseline 0.001 -22"><span class='ocrx_word' id='word_1_34' title='bbox 206 813 279 855; x_wconf 92' lang='lat' dir='ltr'><strong>cum</strong></span> <span class='ocrx_word' id='word_1_35' title='bbox 303 791 439 874; x_wconf 90' lang='lat' dir='ltr'><strong>denique</strong></span> <span class='ocrx_word' id='word_1_36' title='bbox 464 791 612 876; x_wconf 85' lang='lat' dir='ltr'><strong>congruit</strong></span> <span class='ocrx_word' id='word_1_37' title='bbox 637 789 882 855; x_wconf 84' lang='lat' dir='ltr'><strong>Constantinum</strong></span> <span class='ocrx_word' id='word_1_38' title='bbox 907 791 941 854; x_wconf 93' lang='lat' dir='ltr'><strong>in</strong></span> <span class='ocrx_word' id='word_1_39' title='bbox 969 788 1153 873; x_wconf 79' lang='lat' dir='ltr'><strong>Sosthenis,</strong></span> <span class='ocrx_word' id='word_1_40' title='bbox 1183 789 1260 873; x_wconf 92' lang='lat' dir='ltr'><strong>quid</strong></span> <span class='ocrx_word' id='word_1_41' title='bbox 1287 790 1392 875; x_wconf 86' lang='lat' dir='ltr'><strong>angeli</strong></span> <span class='ocrx_word' id='word_1_42' title='bbox 1421 789 1508 853; x_wconf 92' lang='lat' dir='ltr'><strong>illius</strong></span> <span class='ocrx_word' id='word_1_43' title='bbox 1610 847 1615 856; x_wconf 97' lang='lat'><strong>.</strong></span> 
     </span>
    </p>
   </div>
   <div class='ocr_carea' id='block_1_4' title="bbox 197 886 1510 2438">
    <p class='ocr_par' dir='ltr' id='par_1_4' title="bbox 203 886 1507 1171">
     <span class='ocr_line' id='line_1_6' title="bbox 205 886 1507 973; baseline -0.001 -21"><span class='ocrx_word' id='word_1_44' title='bbox 205 892 311 952; x_wconf 88' lang='lat' dir='ltr'><strong>statua</strong></span> <span class='ocrx_word' id='word_1_45' title='bbox 329 888 457 971; x_wconf 84' lang='lat' dir='ltr'><strong>valeret,</strong></span> <span class='ocrx_word' id='word_1_46' title='bbox 477 889 652 973; x_wconf 87' lang='lat' dir='ltr'><strong>comperire</strong></span> <span class='ocrx_word' id='word_1_47' title='bbox 666 888 805 952; x_wconf 88' lang='lat' dir='ltr'><strong>voluisse</strong></span> <span class='ocrx_word' id='word_1_48' title='bbox 824 911 882 973; x_wconf 93' lang='lat' dir='ltr'><strong>per</strong></span> <span class='ocrx_word' id='word_1_49' title='bbox 900 888 1147 971; x_wconf 85' lang='lat' dir='ltr'><strong>incubationem‚</strong></span> <span class='ocrx_word' id='word_1_50' title='bbox 1166 910 1229 972; x_wconf 90' lang='lat' dir='ltr'><strong>qua</strong></span> <span class='ocrx_word' id='word_1_51' title='bbox 1248 888 1376 970; x_wconf 90' lang='lat' dir='ltr'><strong>quidem</strong></span> <span class='ocrx_word' id='word_1_52' title='bbox 1397 886 1507 953; x_wconf 78' lang='lat' dir='ltr'><strong>Graeci</strong></span> 
     </span>
     <span class='ocr_line' id='line_1_7' title="bbox 204 986 1507 1071; baseline 0 -23"><span class='ocrx_word' id='word_1_53' title='bbox 204 987 238 1049; x_wconf 92' lang='lat' dir='ltr'><strong>in</strong></span> <span class='ocrx_word' id='word_1_54' title='bbox 268 987 399 1050; x_wconf 88' lang='lat' dir='ltr'><strong>deorum</strong></span> <span class='ocrx_word' id='word_1_55' title='bbox 430 987 625 1050; x_wconf 90' lang='lat' dir='ltr'><strong>medicorum</strong></span> <span class='ocrx_word' id='word_1_56' title='bbox 655 986 785 1071; x_wconf 90' lang='lat' dir='ltr'><strong>templis</strong></span> <span class='ocrx_word' id='word_1_57' title='bbox 815 987 1001 1070; x_wconf 84' lang='lat' dir='ltr'><strong>utebantur,</strong></span> <span class='ocrx_word' id='word_1_58' title='bbox 1030 991 1067 1050; x_wconf 93' lang='lat' dir='ltr'><strong>ut</strong></span> <span class='ocrx_word' id='word_1_59' title='bbox 1097 987 1242 1050; x_wconf 89' lang='lat' dir='ltr'><strong>sanitatis</strong></span> <span class='ocrx_word' id='word_1_60' title='bbox 1275 986 1507 1070; x_wconf 88' lang='lat' dir='ltr'><strong>recuperandae</strong></span> 
     </span>
     <span class='ocr_line' id='line_1_8' title="bbox 203 1082 1029 1171; baseline 0.002 -25"><span class='ocrx_word' id='word_1_61' title='bbox 203 1105 297 1147; x_wconf 86' lang='lat' dir='ltr'><strong>causa</strong></span> <span class='ocrx_word' id='word_1_62' title='bbox 321 1106 374 1148; x_wconf 92' lang='lat' dir='ltr'><strong>eos</strong></span> <span class='ocrx_word' id='word_1_63' title='bbox 398 1083 599 1148; x_wconf 80' lang='lat' dir='ltr'><strong>consulerent</strong></span> <span class='ocrx_word' id='word_1_64' title='bbox 623 1082 675 1171; x_wconf 88' lang='lat' dir='ltr'><strong>(cf.</strong></span> <span class='ocrx_word' id='word_1_65' title='bbox 696 1084 810 1168; x_wconf 89' lang='lat' dir='ltr'><strong>Maury</strong></span> <span class='ocrx_word' id='word_1_66' title='bbox 834 1108 863 1169; x_wconf 94' lang='lat' dir='ltr'><strong>p.</strong></span> <span class='ocrx_word' id='word_1_67' title='bbox 886 1083 949 1147; x_wconf 84' lang='lat'><strong>150</strong></span> <span class='ocrx_word' id='word_1_68' title='bbox 960 1082 1029 1171; x_wconf 84' lang='lat' dir='ltr'><strong>sq).</strong></span> 
     </span>
    </p>

    <p class='ocr_par' dir='ltr' id='par_1_5' title="bbox 197 1180 1510 2438">
     <span class='ocr_line' id='line_1_9' title="bbox 289 1180 1508 1266; baseline 0.001 -22"><span class='ocrx_word' id='word_1_69' title='bbox 289 1180 452 1246; x_wconf 89' lang='lat' dir='ltr'><strong>Hactenus</strong></span> <span class='ocrx_word' id='word_1_70' title='bbox 480 1186 517 1245; x_wconf 90' lang='lat' dir='ltr'><strong>ut</strong></span> <span class='ocrx_word' id='word_1_71' title='bbox 545 1183 635 1265; x_wconf 90' lang='lat' dir='ltr'><strong>sequi</strong></span> <span class='ocrx_word' id='word_1_72' title='bbox 662 1181 739 1246; x_wconf 89' lang='lat' dir='ltr'><strong>licet</strong></span> <span class='ocrx_word' id='word_1_73' title='bbox 766 1181 950 1266; x_wconf 86' lang='lat' dir='ltr'><strong>Mauryum,</strong></span> <span class='ocrx_word' id='word_1_74' title='bbox 978 1183 1024 1245; x_wconf 87' lang='lat' dir='ltr'><strong>ita</strong></span> <span class='ocrx_word' id='word_1_75' title='bbox 1051 1182 1137 1266; x_wconf 91' lang='lat' dir='ltr'><strong>quod</strong></span> <span class='ocrx_word' id='word_1_76' title='bbox 1164 1181 1205 1244; x_wconf 89' lang='lat' dir='ltr'><strong>ad</strong></span> <span class='ocrx_word' id='word_1_77' title='bbox 1233 1182 1327 1245; x_wconf 90' lang='lat' dir='ltr'><strong>deum</strong></span> <span class='ocrx_word' id='word_1_78' title='bbox 1355 1182 1461 1266; x_wconf 90' lang='lat' dir='ltr'><strong>ipsum</strong></span> <span class='ocrx_word' id='word_1_79' title='bbox 1489 1207 1508 1245; x_wconf 92' lang='lat' dir='ltr'><strong>a</strong></span> 
     </span>
     <span class='ocr_line' id='line_1_10' title="bbox 203 1278 1507 1344; baseline 0.001 -2"><span class='ocrx_word' id='word_1_80' title='bbox 203 1278 329 1343; x_wconf 81' lang='lat' dir='ltr'><strong>Graecis</strong></span> <span class='ocrx_word' id='word_1_81' title='bbox 353 1280 387 1343; x_wconf 94' lang='lat' dir='ltr'><strong>in</strong></span> <span class='ocrx_word' id='word_1_82' title='bbox 411 1278 581 1344; x_wconf 84' lang='lat' dir='ltr'><strong>Sosthenio</strong></span> <span class='ocrx_word' id='word_1_83' title='bbox 606 1279 728 1343; x_wconf 86' lang='lat' dir='ltr'><strong>cultum</strong></span> <span class='ocrx_word' id='word_1_84' title='bbox 752 1281 868 1344; x_wconf 86' lang='lat' dir='ltr'><strong>attinet</strong></span> <span class='ocrx_word' id='word_1_85' title='bbox 886 1280 926 1343; x_wconf 88' lang='lat' dir='ltr'><strong>ab</strong></span> <span class='ocrx_word' id='word_1_86' title='bbox 950 1302 988 1344; x_wconf 91' lang='lat' dir='ltr'><strong>eo</strong></span> <span class='ocrx_word' id='word_1_87' title='bbox 1014 1279 1239 1344; x_wconf 88' lang='lat' dir='ltr'><strong>discedendum</strong></span> <span class='ocrx_word' id='word_1_88' title='bbox 1257 1279 1351 1343; x_wconf 89' lang='lat' dir='ltr'><strong>nobis</strong></span> <span class='ocrx_word' id='word_1_89' title='bbox 1373 1280 1507 1343; x_wconf 84' lang='lat' dir='ltr'><strong>ridetur.</strong></span> 
     </span>
     <span class='ocr_line' id='line_1_11' title="bbox 201 1375 1510 1464; baseline 0.001 -24"><span class='ocrx_word' id='word_1_90' title='bbox 201 1375 316 1441; x_wconf 79' lang='lat' dir='ltr'><strong>Censet</strong></span> <span class='ocrx_word' id='word_1_91' title='bbox 339 1378 425 1441; x_wconf 92' lang='lat' dir='ltr'><strong>enim</strong></span> <span class='ocrx_word' id='word_1_92' title='bbox 449 1377 503 1442; x_wconf 88' lang='lat' dir='ltr'><strong>ille</strong></span> <span class='ocrx_word' id='word_1_93' title='bbox 531 1376 717 1461; x_wconf 86' lang='lat' dir='ltr'><strong>Apollinem</strong></span> <span class='ocrx_word' id='word_1_94' title='bbox 740 1375 945 1464; x_wconf 76' lang='lat' dir='ltr'><strong>lasonium2),</strong></span> <span class='ocrx_word' id='word_1_95' title='bbox 968 1377 1019 1441; x_wconf 90' lang='lat' dir='ltr'><strong>cui</strong></span> <span class='ocrx_word' id='word_1_96' title='bbox 1038 1375 1145 1460; x_wconf 80' lang='lat' dir='ltr'><strong>Cyzici</strong></span> <span class='ocrx_word' id='word_1_97' title='bbox 1164 1399 1288 1441; x_wconf 87' lang='lat' dir='ltr'><strong>sacrum</strong></span> <span class='ocrx_word' id='word_1_98' title='bbox 1312 1378 1432 1442; x_wconf 90' lang='lat' dir='ltr'><strong>dicasse</strong></span> <span class='ocrx_word' id='word_1_99' title='bbox 1450 1376 1510 1441; x_wconf 91' lang='lat' dir='ltr'><strong>Ar-</strong></span> 
     </span>
     <span class='ocr_line' id='line_1_12' title="bbox 201 1473 1508 1559; baseline 0.001 -21"><span class='ocrx_word' id='word_1_100' title='bbox 201 1479 357 1559; x_wconf 89' lang='lat' dir='ltr'><strong>gonautas</strong></span> <span class='ocrx_word' id='word_1_101' title='bbox 380 1474 479 1538; x_wconf 88' lang='lat' dir='ltr'><strong>tradit</strong></span> <span class='ocrx_word' id='word_1_102' title='bbox 502 1475 600 1540; x_wconf 89' lang='lat' dir='ltr'><strong>schol.</strong></span> <span class='ocrx_word' id='word_1_103' title='bbox 629 1477 663 1539; x_wconf 91' lang='lat' dir='ltr'><strong>in</strong></span> <span class='ocrx_word' id='word_1_104' title='bbox 690 1474 841 1559; x_wconf 90' lang='lat' dir='ltr'><strong>Apollon.</strong></span> <span class='ocrx_word' id='word_1_105' title='bbox 860 1475 964 1539; x_wconf 87' lang='lat' dir='ltr'><strong>Rhod.</strong></span> <span class='ocrx_word' id='word_1_106' title='bbox 983 1473 1092 1558; x_wconf 83' lang='lat'><strong>1966,</strong></span> <span class='ocrx_word' id='word_1_107' title='bbox 1120 1476 1154 1538; x_wconf 93' lang='lat' dir='ltr'><strong>in</strong></span> <span class='ocrx_word' id='word_1_108' title='bbox 1182 1473 1352 1539; x_wconf 81' lang='lat' dir='ltr'><strong>Sosthenio</strong></span> <span class='ocrx_word' id='word_1_109' title='bbox 1381 1497 1508 1559; x_wconf 91' lang='lat' dir='ltr'><strong>quoque</strong></span> 
     </span>
     <span class='ocr_line' id='line_1_13' title="bbox 203 1572 1509 1656; baseline 0.002 -21"><span class='ocrx_word' id='word_1_110' title='bbox 203 1573 392 1637; x_wconf 88' lang='lat' dir='ltr'><strong>advocatum</strong></span> <span class='ocrx_word' id='word_1_111' title='bbox 417 1594 493 1655; x_wconf 86' lang='lat' dir='ltr'><strong>esse,</strong></span> <span class='ocrx_word' id='word_1_112' title='bbox 518 1572 604 1656; x_wconf 93' lang='lat' dir='ltr'><strong>quod</strong></span> <span class='ocrx_word' id='word_1_113' title='bbox 627 1574 788 1656; x_wconf 92' lang='lat' dir='ltr'><strong>quomodo</strong></span> <span class='ocrx_word' id='word_1_114' title='bbox 812 1573 934 1638; x_wconf 89' lang='lat' dir='ltr'><strong>factum</strong></span> <span class='ocrx_word' id='word_1_115' title='bbox 958 1573 1001 1636; x_wconf 93' lang='lat' dir='ltr'><strong>sit</strong></span> <span class='ocrx_word' id='word_1_116' title='bbox 1022 1594 1126 1656; x_wconf 88' lang='lat' dir='ltr'><strong>neque</strong></span> <span class='ocrx_word' id='word_1_117' title='bbox 1145 1573 1214 1655; x_wconf 93' lang='lat' dir='ltr'><strong>ipse</strong></span> <span class='ocrx_word' id='word_1_118' title='bbox 1238 1573 1315 1636; x_wconf 92' lang='lat' dir='ltr'><strong>satis</strong></span> <span class='ocrx_word' id='word_1_119' title='bbox 1333 1572 1417 1637; x_wconf 87' lang='lat' dir='ltr'><strong>clare</strong></span> <span class='ocrx_word' id='word_1_120' title='bbox 1440 1595 1509 1656; x_wconf 87' lang='lat' dir='ltr'><strong>per-</strong></span> 
     </span>
     <span class='ocr_line' id='line_1_14' title="bbox 202 1669 1508 1755; baseline 0.001 -22"><span class='ocrx_word' id='word_1_121' title='bbox 202 1671 344 1752; x_wconf 89' lang='lat' dir='ltr'><strong>spexisse</strong></span> <span class='ocrx_word' id='word_1_122' title='bbox 367 1669 494 1734; x_wconf 86' lang='lat' dir='ltr'><strong>videtur</strong></span> <span class='ocrx_word' id='word_1_123' title='bbox 515 1693 619 1754; x_wconf 89' lang='lat' dir='ltr'><strong>neque</strong></span> <span class='ocrx_word' id='word_1_124' title='bbox 642 1693 717 1735; x_wconf 86' lang='lat' dir='ltr'><strong>vero</strong></span> <span class='ocrx_word' id='word_1_125' title='bbox 742 1670 823 1734; x_wconf 86' lang='lat' dir='ltr'><strong>alius</strong></span> <span class='ocrx_word' id='word_1_126' title='bbox 848 1671 1017 1754; x_wconf 89' lang='lat' dir='ltr'><strong>quisquam</strong></span> <span class='ocrx_word' id='word_1_127' title='bbox 1041 1669 1226 1755; x_wconf 81' lang='lat' dir='ltr'><strong>intellegere</strong></span> <span class='ocrx_word' id='word_1_128' title='bbox 1244 1674 1360 1754; x_wconf 82' lang='lat' dir='ltr'><strong>potest,</strong></span> <span class='ocrx_word' id='word_1_129' title='bbox 1383 1672 1508 1734; x_wconf 90' lang='lat' dir='ltr'><strong>etiamsi</strong></span> 
     </span>
     <span class='ocr_line' id='line_1_15' title="bbox 201 1767 1510 1853; baseline 0.002 -23"><span class='ocrx_word' id='word_1_130' title='bbox 201 1791 230 1850; x_wconf 92' lang='lat' dir='ltr'><strong>p.</strong></span> <span class='ocrx_word' id='word_1_131' title='bbox 244 1768 306 1832; x_wconf 79' lang='lat'><strong>158</strong></span> <span class='ocrx_word' id='word_1_132' title='bbox 327 1767 391 1830; x_wconf 90' lang='lat' dir='ltr'><strong>iam</strong></span> <span class='ocrx_word' id='word_1_133' title='bbox 408 1767 547 1852; x_wconf 87' lang='lat' dir='ltr'><strong>legatur:</strong></span> <span class='ocrx_word' id='word_1_134' title='bbox 570 1768 633 1853; x_wconf 84' lang='lat' dir='ltr'><strong>„Le</strong></span> <span class='ocrx_word' id='word_1_135' title='bbox 655 1769 779 1834; x_wconf 73' lang='lat' dir='ltr'><strong>ciclade</strong></span> <span class='ocrx_word' id='word_1_136' title='bbox 796 1770 851 1851; x_wconf 77' lang='lat' dir='ltr'><strong>qai</strong></span> <span class='ocrx_word' id='word_1_137' title='bbox 874 1768 1036 1849; x_wconf 79' lang='lat' dir='ltr'><strong>iuooqaait</strong></span> <span class='ocrx_word' id='word_1_138' title='bbox 1061 1768 1197 1851; x_wconf 80' lang='lat' dir='ltr'><strong>Apolloa</strong></span> <span class='ocrx_word' id='word_1_139' title='bbox 1216 1768 1373 1847; x_wconf 75' lang='lat' dir='ltr'><strong>Iasonius,</strong></span> <span class='ocrx_word' id='word_1_140' title='bbox 1396 1790 1510 1833; x_wconf 83' lang='lat' dir='ltr'><strong>comme</strong></span> 
     </span>
     <span class='ocr_line' id='line_1_16' title="bbox 202 1865 1508 1950; baseline 0 -20"><span class='ocrx_word' id='word_1_141' title='bbox 202 1867 280 1930; x_wconf 76' lang='lat' dir='ltr'><strong>celui</strong></span> <span class='ocrx_word' id='word_1_142' title='bbox 298 1867 352 1947; x_wconf 79' lang='lat' dir='ltr'><strong>qui</strong></span> <span class='ocrx_word' id='word_1_143' title='bbox 367 1867 470 1948; x_wconf 68' lang='lat' dir='ltr'><strong>praeit</strong></span> <span class='ocrx_word' id='word_1_144' title='bbox 486 1867 573 1930; x_wconf 77' lang='lat' dir='ltr'><strong>sciat</strong></span> <span class='ocrx_word' id='word_1_145' title='bbox 590 1865 726 1930; x_wconf 62' lang='lat' dir='ltr'><strong>Meter</strong></span> <span class='ocrx_word' id='word_1_146' title='bbox 744 1888 769 1930; x_wconf 88' lang='lat' dir='ltr'><strong>e.</strong></span> <span class='ocrx_word' id='word_1_147' title='bbox 785 1889 814 1950; x_wconf 86' lang='lat' dir='ltr'><strong>q.</strong></span> <span class='ocrx_word' id='word_1_148' title='bbox 830 1889 853 1930; x_wconf 91' lang='lat' dir='ltr'><strong>s.</strong></span> <span class='ocrx_word' id='word_1_149' title='bbox 882 1865 1003 1929; x_wconf 83' lang='lat' dir='ltr'><strong>Tamen</strong></span> <span class='ocrx_word' id='word_1_150' title='bbox 1018 1866 1087 1928; x_wconf 88' lang='lat' dir='ltr'><strong>fieri</strong></span> <span class='ocrx_word' id='word_1_151' title='bbox 1101 1888 1167 1930; x_wconf 94' lang='lat' dir='ltr'><strong>non</strong></span> <span class='ocrx_word' id='word_1_152' title='bbox 1181 1870 1296 1950; x_wconf 84' lang='lat' dir='ltr'><strong>potest,</strong></span> <span class='ocrx_word' id='word_1_153' title='bbox 1311 1870 1348 1929; x_wconf 93' lang='lat' dir='ltr'><strong>ut</strong></span> <span class='ocrx_word' id='word_1_154' title='bbox 1361 1866 1508 1930; x_wconf 86' lang='lat' dir='ltr'><strong>hocloco</strong></span> 
     </span>
     <span class='ocr_line' id='line_1_17' title="bbox 201 1962 1509 2049; baseline 0.002 -23"><span class='ocrx_word' id='word_1_155' title='bbox 201 1964 381 2027; x_wconf 79' lang='lat' dir='ltr'><strong>accuratius</strong></span> <span class='ocrx_word' id='word_1_156' title='bbox 418 1963 546 2047; x_wconf 87' lang='lat' dir='ltr'><strong>Mauryi</strong></span> <span class='ocrx_word' id='word_1_157' title='bbox 584 1964 776 2027; x_wconf 88' lang='lat' dir='ltr'><strong>sententiam</strong></span> <span class='ocrx_word' id='word_1_158' title='bbox 813 1965 1017 2049; x_wconf 85' lang='lat' dir='ltr'><strong>explicemus.</strong></span> <span class='ocrx_word' id='word_1_159' title='bbox 1073 1962 1189 2027; x_wconf 90' lang='lat' dir='ltr'><strong>Itidem</strong></span> <span class='ocrx_word' id='word_1_160' title='bbox 1227 1968 1301 2028; x_wconf 90' lang='lat' dir='ltr'><strong>sunt</strong></span> <span class='ocrx_word' id='word_1_161' title='bbox 1332 1964 1509 2047; x_wconf 90' lang='lat' dir='ltr'><strong>refutanda,</strong></span> 
     </span>
     <span class='ocr_line' id='line_1_18' title="bbox 201 2058 1508 2148; baseline 0.002 -23"><span class='ocrx_word' id='word_1_162' title='bbox 201 2083 281 2144; x_wconf 92' lang='lat' dir='ltr'><strong>quae</strong></span> <span class='ocrx_word' id='word_1_163' title='bbox 305 2065 327 2125; x_wconf 94' lang='lat' dir='ltr'><strong>t.</strong></span> <span class='ocrx_word' id='word_1_164' title='bbox 347 2060 410 2125; x_wconf 82' lang='lat' dir='ltr'><strong>VH</strong></span> <span class='ocrx_word' id='word_1_165' title='bbox 434 2058 549 2148; x_wconf 83' lang='lat'>(1850)</span> <span class='ocrx_word' id='word_1_166' title='bbox 569 2084 586 2124; x_wconf 98' lang='lat' dir='ltr'><strong>e</strong></span> <span class='ocrx_word' id='word_1_167' title='bbox 604 2060 717 2144; x_wconf 86' lang='lat' dir='ltr'><strong>Polyb.</strong></span> <span class='ocrx_word' id='word_1_168' title='bbox 735 2059 783 2126; x_wconf 90' lang='lat' dir='ltr'><strong>IV</strong></span> <span class='ocrx_word' id='word_1_169' title='bbox 797 2061 885 2145; x_wconf 53' lang='lat' dir='ltr'><strong>39ss</strong></span> <span class='ocrx_word' id='word_1_170' title='bbox 905 2061 1075 2147; x_wconf 82' lang='lat' dir='ltr'><strong>conclusit3</strong></span> <span class='ocrx_word' id='word_1_171' title='bbox 1098 2061 1235 2146; x_wconf 89' lang='lat' dir='ltr'><strong>legimus</strong></span> <span class='ocrx_word' id='word_1_172' title='bbox 1259 2063 1343 2126; x_wconf 90' lang='lat' dir='ltr'><strong>enim</strong></span> <span class='ocrx_word' id='word_1_173' title='bbox 1367 2085 1404 2126; x_wconf 93' lang='grc' dir='ltr'><strong>1ο</strong></span> <span class='ocrx_word' id='word_1_174' title='bbox 1427 2062 1508 2145; x_wconf 86' lang='lat' dir='ltr'><strong>loce,</strong></span> 
     </span>
     <span class='ocr_line' id='line_1_19' title="bbox 202 2158 1510 2244; baseline 0.002 -23"><span class='ocrx_word' id='word_1_175' title='bbox 202 2180 266 2242; x_wconf 92' lang='lat' dir='ltr'><strong>quo</strong></span> <span class='ocrx_word' id='word_1_176' title='bbox 294 2159 458 2242; x_wconf 90' lang='lat' dir='ltr'><strong>Bosporus</strong></span> <span class='ocrx_word' id='word_1_177' title='bbox 492 2180 564 2222; x_wconf 91' lang='lat' dir='ltr'><strong>cum</strong></span> <span class='ocrx_word' id='word_1_178' title='bbox 596 2158 701 2223; x_wconf 90' lang='lat' dir='ltr'><strong>Ponto</strong></span> <span class='ocrx_word' id='word_1_179' title='bbox 739 2159 959 2244; x_wconf 78' lang='lat' dir='ltr'><strong>coniungitur,</strong></span> <span class='ocrx_word' id='word_1_180' title='bbox 992 2160 1090 2223; x_wconf 89' lang='lat' dir='ltr'><strong>situm</strong></span> <span class='ocrx_word' id='word_1_181' title='bbox 1128 2181 1195 2223; x_wconf 90' lang='lat' dir='ltr'><strong>esse</strong></span> <span class='ocrx_word' id='word_1_182' title='bbox 1228 2160 1265 2223; x_wconf 83' lang='grc' dir='ltr'><strong>τὸ</strong></span> <span class='ocrx_word' id='word_1_183' title='bbox 1301 2161 1510 2243; x_wconf 83' lang='grc' dir='ltr'><strong><em>καλούμενον</em></strong></span> 
     </span>
     <span class='ocr_line' id='line_1_20' title="bbox 197 2249 1509 2340; baseline 0.001 -20"><span class='ocrx_word' id='word_1_184' title='bbox 197 2255 312 2338; x_wconf 80' lang='grc' dir='ltr'><strong><em>Ἱερόν,</em></strong></span> <span class='ocrx_word' id='word_1_185' title='bbox 337 2253 388 2338; x_wconf 75' lang='grc' dir='ltr'><strong>ἐφ’</strong></span> <span class='ocrx_word' id='word_1_186' title='bbox 417 2249 458 2318; x_wconf 86' lang='grc' dir='ltr'><strong>οὗ</strong></span> <span class='ocrx_word' id='word_1_187' title='bbox 481 2258 585 2320; x_wconf 80' lang='grc' dir='ltr'><strong>τόπου</strong></span> <span class='ocrx_word' id='word_1_188' title='bbox 614 2252 697 2339; x_wconf 83' lang='grc' dir='ltr'><em>φασὶ</em></span> <span class='ocrx_word' id='word_1_189' title='bbox 725 2257 806 2320; x_wconf 77' lang='grc' dir='ltr'><em>κατὰ</em></span> <span class='ocrx_word' id='word_1_190' title='bbox 833 2257 896 2339; x_wconf 74' lang='grc' dir='ltr'><strong>τὴν</strong></span> <span class='ocrx_word' id='word_1_191' title='bbox 919 2256 954 2321; x_wconf 80' lang='grc' dir='ltr'><strong>ἐκ</strong></span> <span class='ocrx_word' id='word_1_192' title='bbox 982 2259 1123 2340; x_wconf 83' lang='grc' dir='ltr'><em>Κόλχων</em></span> <span class='ocrx_word' id='word_1_193' title='bbox 1150 2257 1355 2340; x_wconf 75' lang='grc' dir='ltr'><em>ἀνακομιδὴν</em></span> <span class='ocrx_word' id='word_1_194' title='bbox 1380 2254 1509 2321; x_wconf 78' lang='grc' dir='ltr'><em>Ἰάσονα</em></span> 
     </span>
     <span class='ocr_line' id='line_1_21' title="bbox 203 2350 1509 2438; baseline 0 -20"><span class='ocrx_word' id='word_1_195' title='bbox 203 2361 308 2418; x_wconf 75' lang='grc' dir='ltr'><em>θῦσαι</em></span> <span class='ocrx_word' id='word_1_196' title='bbox 331 2363 464 2438; x_wconf 82' lang='grc' dir='ltr'><strong><em>πρῶτον</em></strong></span> <span class='ocrx_word' id='word_1_197' title='bbox 491 2363 562 2428; x_wconf 79' lang='grc' dir='ltr'><em>τοῖς</em></span> <span class='ocrx_word' id='word_1_198' title='bbox 584 2353 711 2417; x_wconf 79' lang='grc' dir='ltr'><em>δώδεκα</em></span> <span class='ocrx_word' id='word_1_199' title='bbox 733 2360 839 2430; x_wconf 73' lang='grc' dir='ltr'><em>θεοῖς·</em></span> <span class='ocrx_word' id='word_1_200' title='bbox 863 2353 881 2418; x_wconf 85' lang='grc' dir='ltr'>ὃ</span> <span class='ocrx_word' id='word_1_201' title='bbox 905 2365 1008 2419; x_wconf 82' lang='grc' dir='ltr'><strong><em>κεῖται</em></strong></span> <span class='ocrx_word' id='word_1_202' title='bbox 1031 2350 1093 2437; x_wconf 68' lang='grc' dir='ltr'><strong>μὲν</strong></span> <span class='ocrx_word' id='word_1_203' title='bbox 1112 2350 1165 2417; x_wconf 81' lang='grc' dir='ltr'><strong>ἐπὶ</strong></span> <span class='ocrx_word' id='word_1_204' title='bbox 1183 2362 1240 2436; x_wconf 79' lang='grc' dir='ltr'><strong>τῆς</strong></span> <span class='ocrx_word' id='word_1_205' title='bbox 1253 2351 1374 2437; x_wconf 82' lang='grc' dir='ltr'><strong><em>Ἀσίας,</em></strong></span> <span class='ocrx_word' id='word_1_206' title='bbox 1397 2353 1509 2438; x_wconf 80' lang='grc' dir='ltr'><em>ἀπέχει</em></span> 
     </span>
    </p>
   </div>
   <div class='ocr_carea' id='block_1_5' title="bbox 96 2447 1510 2537">
    <p class='ocr_par' dir='ltr' id='par_1_6' title="bbox 96 2447 1510 2537">
     <span class='ocr_line' id='line_1_22' title="bbox 96 2447 1510 2537; baseline 0.001 -23"><span class='ocrx_word' id='word_1_207' title='bbox 96 2491 100 2498; x_wconf 92' lang='lat'>·</span> <span class='ocrx_word' id='word_1_208' title='bbox 205 2448 241 2515; x_wconf 70' lang='lat' dir='ltr'><strong>dt</strong></span> <span class='ocrx_word' id='word_1_209' title='bbox 273 2459 331 2534; x_wconf 79' lang='grc' dir='ltr'><strong>τῆς</strong></span> <span class='ocrx_word' id='word_1_210' title='bbox 362 2450 525 2534; x_wconf 78' lang='grc' dir='ltr'><em>Εὐρώπης</em></span> <span class='ocrx_word' id='word_1_211' title='bbox 554 2447 606 2514; x_wconf 80' lang='grc' dir='ltr'><strong>ἐπὶ</strong></span> <span class='ocrx_word' id='word_1_212' title='bbox 637 2448 765 2515; x_wconf 77' lang='grc' dir='ltr'><strong><em>δώδεκα</em></strong></span> <span class='ocrx_word' id='word_1_213' title='bbox 796 2450 914 2516; x_wconf 77' lang='grc' dir='ltr'><em>στάδια</em></span> <span class='ocrx_word' id='word_1_214' title='bbox 944 2452 1027 2537; x_wconf 78' lang='grc' dir='ltr'><strong>πρὸς</strong></span> <span class='ocrx_word' id='word_1_215' title='bbox 1055 2452 1093 2515; x_wconf 86' lang='grc' dir='ltr'><strong>τὸ</strong></span> <span class='ocrx_word' id='word_1_216' title='bbox 1124 2455 1325 2537; x_wconf 78' lang='grc' dir='ltr'><strong><em>καταντικρὺ</em></strong></span> <span class='ocrx_word' id='word_1_217' title='bbox 1356 2453 1510 2535; x_wconf 81' lang='grc' dir='ltr'><strong><em>κείμενον</em></strong></span> 
     </span>
    </p>
   </div>
   <div class='ocr_carea' id='block_1_6' title="bbox 200 2547 1510 3416">
    <p class='ocr_par' dir='ltr' id='par_1_7' title="bbox 200 2547 1510 3416">
     <span class='ocr_line' id='line_1_23' title="bbox 204 2547 1509 2635; baseline -0.002 -21"><span class='ocrx_word' id='word_1_218' title='bbox 204 2554 410 2633; x_wconf 65' lang='lat' dir='ltr'><strong>Zoparistos</strong></span> <span class='ocrx_word' id='word_1_219' title='bbox 432 2557 490 2631; x_wconf 79' lang='grc' dir='ltr'><strong>τῆς</strong></span> <span class='ocrx_word' id='word_1_220' title='bbox 515 2547 655 2635; x_wconf 72' lang='grc' dir='ltr'><strong><em>Θρᾴκης.</em></strong></span> <span class='ocrx_word' id='word_1_221' title='bbox 700 2547 866 2612; x_wconf 86' lang='lat' dir='ltr'><strong>Deliberat</strong></span> <span class='ocrx_word' id='word_1_222' title='bbox 889 2547 1005 2632; x_wconf 87' lang='lat' dir='ltr'><strong>Maury</strong></span> <span class='ocrx_word' id='word_1_223' title='bbox 1028 2548 1094 2612; x_wconf 89' lang='lat' dir='ltr'><strong>fere</strong></span> <span class='ocrx_word' id='word_1_224' title='bbox 1117 2548 1179 2613; x_wconf 91' lang='lat' dir='ltr'><strong>hoc</strong></span> <span class='ocrx_word' id='word_1_225' title='bbox 1202 2548 1312 2613; x_wconf 86' lang='lat' dir='ltr'><strong>modo:</strong></span> <span class='ocrx_word' id='word_1_226' title='bbox 1335 2549 1509 2613; x_wconf 88' lang='lat' dir='ltr'><strong>secundum</strong></span> 
     </span>
     <span class='ocr_line' id='line_1_24' title="bbox 200 2644 1509 2732; baseline 0 -22"><span class='ocrx_word' id='word_1_227' title='bbox 200 2646 372 2730; x_wconf 88' lang='lat' dir='ltr'><strong>Polybium</strong></span> <span class='ocrx_word' id='word_1_228' title='bbox 405 2646 562 2731; x_wconf 89' lang='lat' dir='ltr'><strong>templum</strong></span> <span class='ocrx_word' id='word_1_229' title='bbox 595 2646 635 2709; x_wconf 92' lang='lat' dir='ltr'><strong>ab</strong></span> <span class='ocrx_word' id='word_1_230' title='bbox 669 2644 866 2732; x_wconf 83' lang='lat' dir='ltr'><strong>Argonautis</strong></span> <span class='ocrx_word' id='word_1_231' title='bbox 904 2651 1102 2711; x_wconf 83' lang='lat' dir='ltr'><strong>exstructum</strong></span> <span class='ocrx_word' id='word_1_232' title='bbox 1138 2648 1237 2711; x_wconf 92' lang='lat' dir='ltr'><strong>situm</strong></span> <span class='ocrx_word' id='word_1_233' title='bbox 1272 2652 1321 2711; x_wconf 91' lang='lat' dir='ltr'><strong>est</strong></span> <span class='ocrx_word' id='word_1_234' title='bbox 1355 2647 1389 2711; x_wconf 92' lang='lat' dir='ltr'><strong>in</strong></span> <span class='ocrx_word' id='word_1_235' title='bbox 1418 2651 1509 2730; x_wconf 92' lang='lat' dir='ltr'><strong>parte</strong></span> 
     </span>
     <span class='ocr_line' id='line_1_25' title="bbox 201 2743 1508 2830; baseline -0.001 -22"><span class='ocrx_word' id='word_1_236' title='bbox 201 2745 331 2808; x_wconf 79' lang='lat' dir='ltr'><strong>dextera</strong></span> <span class='ocrx_word' id='word_1_237' title='bbox 352 2744 503 2830; x_wconf 82' lang='lat' dir='ltr'><strong>Bospori,</strong></span> <span class='ocrx_word' id='word_1_238' title='bbox 531 2743 738 2809; x_wconf 85' lang='lat' dir='ltr'><strong>Sosthenium</strong></span> <span class='ocrx_word' id='word_1_239' title='bbox 766 2747 873 2809; x_wconf 89' lang='lat' dir='ltr'><strong>autem</strong></span> <span class='ocrx_word' id='word_1_240' title='bbox 902 2745 1077 2809; x_wconf 87' lang='lat' dir='ltr'><strong>secundum</strong></span> <span class='ocrx_word' id='word_1_241' title='bbox 1106 2743 1319 2808; x_wconf 85' lang='lat' dir='ltr'><strong>Sozomenum</strong></span> <span class='ocrx_word' id='word_1_242' title='bbox 1349 2744 1383 2807; x_wconf 95' lang='lat' dir='ltr'><strong>in</strong></span> <span class='ocrx_word' id='word_1_243' title='bbox 1410 2743 1508 2807; x_wconf 89' lang='lat' dir='ltr'><strong>laeva.</strong></span> 
     </span>
     <span class='ocr_line' id='line_1_26' title="bbox 201 2841 1510 2927; baseline 0.001 -22"><span class='ocrx_word' id='word_1_244' title='bbox 201 2841 289 2926; x_wconf 81' lang='lat' dir='ltr'><strong>Ergo</strong></span> <span class='ocrx_word' id='word_1_245' title='bbox 314 2846 388 2906; x_wconf 91' lang='lat' dir='ltr'><strong>sunt</strong></span> <span class='ocrx_word' id='word_1_246' title='bbox 412 2842 543 2906; x_wconf 83' lang='lat' dir='ltr'><strong>diversa.</strong></span> <span class='ocrx_word' id='word_1_247' title='bbox 590 2842 759 2927; x_wconf 84' lang='lat' dir='ltr'><strong>Templum</strong></span> <span class='ocrx_word' id='word_1_248' title='bbox 783 2841 1045 2927; x_wconf 85' lang='lat' dir='ltr'><strong>Argonautarum</strong></span> <span class='ocrx_word' id='word_1_249' title='bbox 1068 2842 1204 2906; x_wconf 88' lang='lat' dir='ltr'><strong>fortasse</strong></span> <span class='ocrx_word' id='word_1_250' title='bbox 1234 2842 1319 2905; x_wconf 91' lang='lat' dir='ltr'><strong>idem</strong></span> <span class='ocrx_word' id='word_1_251' title='bbox 1342 2846 1439 2925; x_wconf 89' lang='lat' dir='ltr'><strong>atque</strong></span> <span class='ocrx_word' id='word_1_252' title='bbox 1462 2863 1510 2906; x_wconf 91' lang='lat' dir='ltr'><strong>ec-</strong></span> 
     </span>
     <span class='ocr_line' id='line_1_27' title="bbox 202 2937 1509 3026; baseline 0.001 -23"><span class='ocrx_word' id='word_1_253' title='bbox 202 2939 297 3003; x_wconf 91' lang='lat' dir='ltr'><strong>clesia</strong></span> <span class='ocrx_word' id='word_1_254' title='bbox 321 2962 344 3003; x_wconf 91' lang='lat' dir='ltr'><strong>s.</strong></span> <span class='ocrx_word' id='word_1_255' title='bbox 367 2938 533 3004; x_wconf 88' lang='lat' dir='ltr'><strong>Michaelis</strong></span> <span class='ocrx_word' id='word_1_256' title='bbox 557 2938 712 3026; x_wconf 81' lang='lat' dir='ltr'><strong>Asiatica3</strong></span> <span class='ocrx_word' id='word_1_257' title='bbox 735 2941 789 3005; x_wconf 93' lang='lat' dir='ltr'><strong>hic</strong></span> <span class='ocrx_word' id='word_1_258' title='bbox 812 2941 914 3025; x_wconf 87' lang='lat' dir='ltr'><strong>igitur</strong></span> <span class='ocrx_word' id='word_1_259' title='bbox 941 2939 1107 3004; x_wconf 90' lang='lat' dir='ltr'><strong>colebatur</strong></span> <span class='ocrx_word' id='word_1_260' title='bbox 1133 2939 1188 3002; x_wconf 93' lang='lat' dir='ltr'><strong>ille</strong></span> <span class='ocrx_word' id='word_1_261' title='bbox 1212 2937 1331 3023; x_wconf 92' lang='lat' dir='ltr'><strong>Apollo</strong></span> <span class='ocrx_word' id='word_1_262' title='bbox 1355 2937 1509 3004; x_wconf 89' lang='lat' dir='ltr'><strong>Iasonius.</strong></span> 
     </span>
     <span class='ocr_line' id='line_1_28' title="bbox 201 3035 1509 3123; baseline 0 -23"><span class='ocrx_word' id='word_1_263' title='bbox 201 3036 341 3101; x_wconf 83' lang='lat' dir='ltr'><strong>Fabulae</strong></span> <span class='ocrx_word' id='word_1_264' title='bbox 362 3059 442 3120; x_wconf 88' lang='lat' dir='ltr'><strong>quae</strong></span> <span class='ocrx_word' id='word_1_265' title='bbox 462 3037 500 3101; x_wconf 92' lang='lat' dir='ltr'><strong>de</strong></span> <span class='ocrx_word' id='word_1_266' title='bbox 515 3035 712 3123; x_wconf 87' lang='lat' dir='ltr'><strong>Argonautis</strong></span> <span class='ocrx_word' id='word_1_267' title='bbox 727 3038 913 3103; x_wconf 89' lang='lat' dir='ltr'><strong>ferebantur</strong></span> <span class='ocrx_word' id='word_1_268' title='bbox 931 3043 1035 3103; x_wconf 86' lang='lat' dir='ltr'><strong>aetate</strong></span> <span class='ocrx_word' id='word_1_269' title='bbox 1053 3039 1230 3122; x_wconf 90' lang='lat' dir='ltr'><strong>posteriore</strong></span> <span class='ocrx_word' id='word_1_270' title='bbox 1249 3039 1283 3102; x_wconf 90' lang='lat' dir='ltr'><strong>in</strong></span> <span class='ocrx_word' id='word_1_271' title='bbox 1303 3036 1509 3102; x_wconf 85' lang='lat' dir='ltr'><strong>Sosthenium</strong></span> 
     </span>
     <span class='ocr_line' id='line_1_29' title="bbox 202 3122 1508 3221; baseline 0.002 -23"><span class='ocrx_word' id='word_1_272' title='bbox 202 3135 374 3199; x_wconf 85' lang='lat' dir='ltr'><strong>translatae</strong></span> <span class='ocrx_word' id='word_1_273' title='bbox 399 3139 482 3220; x_wconf 85' lang='lat' dir='ltr'><strong>sunt,</strong></span> <span class='ocrx_word' id='word_1_274' title='bbox 506 3135 539 3198; x_wconf 92' lang='lat' dir='ltr'><strong>id</strong></span> <span class='ocrx_word' id='word_1_275' title='bbox 562 3136 648 3219; x_wconf 92' lang='lat' dir='ltr'><strong>quod</strong></span> <span class='ocrx_word' id='word_1_276' title='bbox 672 3159 708 3201; x_wconf 95' lang='lat' dir='ltr'><strong>eo</strong></span> <span class='ocrx_word' id='word_1_277' title='bbox 732 3136 858 3201; x_wconf 86' lang='lat' dir='ltr'><strong>facilius</strong></span> <span class='ocrx_word' id='word_1_278' title='bbox 882 3137 952 3200; x_wconf 89' lang='lat' dir='ltr'><strong>fieri</strong></span> <span class='ocrx_word' id='word_1_279' title='bbox 975 3137 1091 3221; x_wconf 82' lang='lat' dir='ltr'><strong>potuit,</strong></span> <span class='ocrx_word' id='word_1_280' title='bbox 1115 3122 1269 3219; x_wconf 88' lang='lat' dir='ltr'><strong>quiahoc</strong></span> <span class='ocrx_word' id='word_1_281' title='bbox 1288 3158 1414 3220; x_wconf 89' lang='lat' dir='ltr'><strong>quoque</strong></span> <span class='ocrx_word' id='word_1_282' title='bbox 1437 3135 1508 3200; x_wconf 87' lang='lat' dir='ltr'><strong>loco</strong></span> 
     </span>
     <span class='ocr_line' id='line_1_30' title="bbox 201 3231 1510 3322; baseline 0.002 -26"><span class='ocrx_word' id='word_1_283' title='bbox 201 3232 368 3297; x_wconf 88' lang='lat' dir='ltr'><strong>colebatur</strong></span> <span class='ocrx_word' id='word_1_284' title='bbox 391 3233 467 3297; x_wconf 88' lang='lat' dir='ltr'><strong>dens</strong></span> <span class='ocrx_word' id='word_1_285' title='bbox 495 3233 636 3298; x_wconf 90' lang='lat' dir='ltr'><strong>medicus</strong></span> <span class='ocrx_word' id='word_1_286' title='bbox 660 3272 704 3280; x_wconf 89' lang='lat'>—</span> <span class='ocrx_word' id='word_1_287' title='bbox 728 3233 856 3319; x_wconf 86' lang='lat' dir='ltr'><strong>Sarapis</strong></span> <span class='ocrx_word' id='word_1_288' title='bbox 880 3233 923 3322; x_wconf 82' lang='lat' dir='ltr'><strong>(v.</strong></span> <span class='ocrx_word' id='word_1_289' title='bbox 941 3233 1054 3317; x_wconf 89' lang='lat' dir='ltr'><strong>Polyb.</strong></span> <span class='ocrx_word' id='word_1_290' title='bbox 1072 3234 1092 3297; x_wconf 92' lang='lat' dir='ltr'><strong>l.</strong></span> <span class='ocrx_word' id='word_1_291' title='bbox 1113 3231 1159 3320; x_wconf 83' lang='lat' dir='ltr'><strong>s).</strong></span> <span class='ocrx_word' id='word_1_292' title='bbox 1201 3233 1288 3309; x_wconf 75' lang='lat' dir='ltr'><strong>Quae</strong></span> <span class='ocrx_word' id='word_1_293' title='bbox 1306 3238 1415 3298; x_wconf 86' lang='lat' dir='ltr'><strong>tamen</strong></span> <span class='ocrx_word' id='word_1_294' title='bbox 1437 3255 1510 3298; x_wconf 90' lang='lat' dir='ltr'><strong>con-</strong></span> 
     </span>
     <span class='ocr_line' id='line_1_31' title="bbox 202 3329 1509 3416; baseline 0 -23"><span class='ocrx_word' id='word_1_295' title='bbox 202 3329 360 3395; x_wconf 85' lang='lat' dir='ltr'><strong>clusiones</strong></span> <span class='ocrx_word' id='word_1_296' title='bbox 389 3332 476 3394; x_wconf 92' lang='lat' dir='ltr'><strong>omni</strong></span> <span class='ocrx_word' id='word_1_297' title='bbox 505 3335 613 3395; x_wconf 88' lang='lat' dir='ltr'><strong>carent</strong></span> <span class='ocrx_word' id='word_1_298' title='bbox 640 3332 863 3415; x_wconf 84' lang='lat' dir='ltr'><strong>fundamento,</strong></span> <span class='ocrx_word' id='word_1_299' title='bbox 892 3355 965 3397; x_wconf 90' lang='lat' dir='ltr'><strong>cum</strong></span> <span class='ocrx_word' id='word_1_300' title='bbox 993 3332 1078 3416; x_wconf 90' lang='lat' dir='ltr'><strong>apud</strong></span> <span class='ocrx_word' id='word_1_301' title='bbox 1104 3331 1277 3415; x_wconf 84' lang='lat' dir='ltr'><strong>Polybium</strong></span> <span class='ocrx_word' id='word_1_302' title='bbox 1305 3331 1399 3415; x_wconf 86' lang='lat' dir='ltr'><strong>plane</strong></span> <span class='ocrx_word' id='word_1_303' title='bbox 1426 3331 1509 3395; x_wconf 93' lang='lat' dir='ltr'><strong>nihil</strong></span> 
     </span>
    </p>
   </div>
   <div class='ocr_carea' id='block_1_7' title="bbox 202 3505 1509 4615">
    <p class='ocr_par' dir='ltr' id='par_1_8' title="bbox 202 3505 1509 4533">
     <span class='ocr_line' id='line_1_32' title="bbox 203 3505 1509 3578; baseline 0.002 -20"><span class='ocrx_word' id='word_1_304' title='bbox 203 3506 261 3559; x_wconf 81' lang='lat' dir='ltr'><strong>telle</strong></span> <span class='ocrx_word' id='word_1_305' title='bbox 279 3522 330 3573; x_wconf 83' lang='lat' dir='ltr'><strong>quc</strong></span> <span class='ocrx_word' id='word_1_306' title='bbox 351 3505 517 3572; x_wconf 59' lang='lat' dir='ltr'><strong>Telesphoro</strong></span> <span class='ocrx_word' id='word_1_307' title='bbox 536 3505 602 3560; x_wconf 80' lang='lat' dir='ltr'><strong>doct</strong></span> <span class='ocrx_word' id='word_1_308' title='bbox 621 3507 644 3560; x_wconf 83' lang='lat' dir='ltr'><strong>le</strong></span> <span class='ocrx_word' id='word_1_309' title='bbox 662 3513 777 3562; x_wconf 74' lang='lat' dir='ltr'><strong>cocturae</strong></span> <span class='ocrx_word' id='word_1_310' title='bbox 795 3508 917 3575; x_wconf 78' lang='lat' dir='ltr'><strong>reppelle</strong></span> <span class='ocrx_word' id='word_1_311' title='bbox 934 3524 968 3561; x_wconf 81' lang='lat' dir='ltr'><strong>eu</strong></span> <span class='ocrx_word' id='word_1_312' title='bbox 986 3508 1046 3573; x_wconf 79' lang='lat' dir='ltr'><strong>cffet</strong></span> <span class='ocrx_word' id='word_1_313' title='bbox 1064 3509 1082 3561; x_wconf 81' lang='grc' dir='ltr'>ὰ</span> <span class='ocrx_word' id='word_1_314' title='bbox 1100 3508 1217 3562; x_wconf 76' lang='lat' dir='ltr'><strong>certatus</strong></span> <span class='ocrx_word' id='word_1_315' title='bbox 1235 3508 1374 3578; x_wconf 66' lang='grc'><strong>19111111</strong></span> <span class='ocrx_word' id='word_1_316' title='bbox 1393 3512 1509 3561; x_wconf 70' lang='lat' dir='ltr'><strong>coatrae</strong></span> 
     </span>
     <span class='ocr_line' id='line_1_33' title="bbox 207 3585 1507 3656; baseline 0 -18"><span class='ocrx_word' id='word_1_317' title='bbox 207 3585 275 3638; x_wconf 80' lang='lat' dir='ltr'><strong>d&#39;uu</strong></span> <span class='ocrx_word' id='word_1_318' title='bbox 306 3586 396 3639; x_wconf 77' lang='lat' dir='ltr'><strong>moine</strong></span> <span class='ocrx_word' id='word_1_319' title='bbox 426 3585 570 3640; x_wconf 61' lang='grc' dir='ltr'><strong>11111111.κ</strong></span> <span class='ocrx_word' id='word_1_320' title='bbox 606 3585 648 3638; x_wconf 83' lang='lat' dir='ltr'><strong>Ex</strong></span> <span class='ocrx_word' id='word_1_321' title='bbox 684 3587 738 3640; x_wconf 92' lang='lat' dir='ltr'><strong>hac</strong></span> <span class='ocrx_word' id='word_1_322' title='bbox 769 3586 947 3656; x_wconf 88' lang='lat' dir='ltr'><strong>potissimum</strong></span> <span class='ocrx_word' id='word_1_323' title='bbox 979 3586 1063 3640; x_wconf 89' lang='lat' dir='ltr'><strong>vestis</strong></span> <span class='ocrx_word' id='word_1_324' title='bbox 1095 3586 1186 3641; x_wconf 85' lang='lat' dir='ltr'><strong>forma</strong></span> <span class='ocrx_word' id='word_1_325' title='bbox 1220 3585 1368 3642; x_wconf 80' lang='lat' dir='ltr'><strong>Ziehenius</strong></span> <span class='ocrx_word' id='word_1_326' title='bbox 1405 3585 1507 3639; x_wconf 90' lang='lat' dir='ltr'><strong>Athen.</strong></span> 
     </span>
     <span class='ocr_line' id='line_1_34' title="bbox 206 3663 1507 3735; baseline 0.002 -18"><span class='ocrx_word' id='word_1_327' title='bbox 206 3663 300 3719; x_wconf 88' lang='lat' dir='ltr'><strong>Mitth.</strong></span> <span class='ocrx_word' id='word_1_328' title='bbox 321 3670 389 3718; x_wconf 77' lang='lat'>1892</span> <span class='ocrx_word' id='word_1_329' title='bbox 413 3670 506 3733; x_wconf 72' lang='grc'><strong>11141</strong></span> <span class='ocrx_word' id='word_1_330' title='bbox 532 3664 669 3719; x_wconf 88' lang='lat' dir='ltr'><strong>conclusit</strong></span> <span class='ocrx_word' id='word_1_331' title='bbox 691 3665 881 3720; x_wconf 87' lang='lat' dir='ltr'><strong>incubationis</strong></span> <span class='ocrx_word' id='word_1_332' title='bbox 906 3667 1070 3720; x_wconf 89' lang='lat' dir='ltr'><strong>daemonem</strong></span> <span class='ocrx_word' id='word_1_333' title='bbox 1093 3682 1154 3720; x_wconf 89' lang='lat' dir='ltr'><strong>esse</strong></span> <span class='ocrx_word' id='word_1_334' title='bbox 1177 3665 1391 3735; x_wconf 84' lang='lat' dir='ltr'><strong>Telesphorum:</strong></span> <span class='ocrx_word' id='word_1_335' title='bbox 1415 3666 1507 3732; x_wconf 80' lang='lat' dir='ltr'><strong>„Tele-</strong></span> 
     </span>
     <span class='ocr_line' id='line_1_35' title="bbox 205 3745 1509 3817; baseline 0 -17"><span class='ocrx_word' id='word_1_336' title='bbox 205 3745 320 3812; x_wconf 76' lang='lat' dir='ltr'><strong>sphorus</strong></span> <span class='ocrx_word' id='word_1_337' title='bbox 340 3789 345 3800; x_wconf 90' lang='lat'><strong>.</strong></span> <span class='ocrx_word' id='word_1_338' title='bbox 362 3790 366 3800; x_wconf 87' lang='lat'><strong>.</strong></span> <span class='ocrx_word' id='word_1_339' title='bbox 384 3790 389 3800; x_wconf 98' lang='lat'><strong>.</strong></span> <span class='ocrx_word' id='word_1_340' title='bbox 411 3745 692 3800; x_wconf 73' lang='lat' dir='ltr'><strong>Iocabutiousddmoo</strong></span> <span class='ocrx_word' id='word_1_341' title='bbox 707 3791 712 3801; x_wconf 94' lang='lat'><strong>.</strong></span> <span class='ocrx_word' id='word_1_342' title='bbox 730 3791 734 3800; x_wconf 95' lang='lat'><strong>.</strong></span> <span class='ocrx_word' id='word_1_343' title='bbox 757 3788 778 3814; x_wconf 87' lang='lat'><strong>.,</strong></span> <span class='ocrx_word' id='word_1_344' title='bbox 796 3747 828 3800; x_wconf 78' lang='lat' dir='ltr'><strong>iu</strong></span> <span class='ocrx_word' id='word_1_345' title='bbox 842 3746 901 3801; x_wconf 83' lang='lat' dir='ltr'><strong>dem</strong></span> <span class='ocrx_word' id='word_1_346' title='bbox 915 3746 1030 3817; x_wconf 84' lang='lat' dir='ltr'><strong>(legitur</strong></span> <span class='ocrx_word' id='word_1_347' title='bbox 1045 3746 1165 3815; x_wconf 58' lang='grc'><strong>111111)</strong></span> <span class='ocrx_word' id='word_1_348' title='bbox 1180 3747 1230 3799; x_wconf 80' lang='lat' dir='ltr'><strong>das</strong></span> <span class='ocrx_word' id='word_1_349' title='bbox 1244 3746 1509 3800; x_wconf 77' lang='lat' dir='ltr'><strong>Iocabutioaaoesea</strong></span> 
     </span>
     <span class='ocr_line' id='line_1_36' title="bbox 204 3825 1509 3897; baseline 0 -19"><span class='ocrx_word' id='word_1_350' title='bbox 204 3825 434 3892; x_wconf 66' lang='lat' dir='ltr'><strong>mitellarum</strong></span> <span class='ocrx_word' id='word_1_351' title='bbox 452 3825 534 3880; x_wconf 63' lang='lat' dir='ltr'><strong>bum</strong></span> <span class='ocrx_word' id='word_1_352' title='bbox 551 3825 610 3880; x_wconf 79' lang='lat' dir='ltr'><strong>aad</strong></span> <span class='ocrx_word' id='word_1_353' title='bbox 633 3825 706 3880; x_wconf 71' lang='lat' dir='ltr'><strong>drusa</strong></span> <span class='ocrx_word' id='word_1_354' title='bbox 727 3827 825 3897; x_wconf 76' lang='lat' dir='ltr'><strong>bduyt,</strong></span> <span class='ocrx_word' id='word_1_355' title='bbox 848 3828 921 3882; x_wconf 77' lang='lat' dir='ltr'><strong>seiae</strong></span> <span class='ocrx_word' id='word_1_356' title='bbox 943 3825 1144 3896; x_wconf 77' lang='lat' dir='ltr'><strong>weityebeodate</strong></span> <span class='ocrx_word' id='word_1_357' title='bbox 1170 3825 1386 3895; x_wconf 73' lang='lat' dir='ltr'><strong>Aasyestuttuap</strong></span> <span class='ocrx_word' id='word_1_358' title='bbox 1410 3825 1509 3892; x_wconf 80' lang='lat' dir='ltr'><strong>foad.“</strong></span> 
     </span>
     <span class='ocr_line' id='line_1_37' title="bbox 202 3903 1508 3975; baseline 0.002 -20"><span class='ocrx_word' id='word_1_359' title='bbox 202 3903 234 3956; x_wconf 92' lang='lat' dir='ltr'><strong>Id</strong></span> <span class='ocrx_word' id='word_1_360' title='bbox 253 3905 329 3972; x_wconf 92' lang='lat' dir='ltr'><strong>quod</strong></span> <span class='ocrx_word' id='word_1_361' title='bbox 347 3905 470 3959; x_wconf 90' lang='lat' dir='ltr'><strong>Usenero</strong></span> <span class='ocrx_word' id='word_1_362' title='bbox 489 3905 695 3972; x_wconf 83' lang='lat' dir='ltr'><strong>quodammodo</strong></span> <span class='ocrx_word' id='word_1_363' title='bbox 714 3907 852 3975; x_wconf 78' lang='lat' dir='ltr'><strong>probavit,</strong></span> <span class='ocrx_word' id='word_1_364' title='bbox 872 3906 922 3974; x_wconf 92' lang='lat' dir='ltr'><strong>qui</strong></span> <span class='ocrx_word' id='word_1_365' title='bbox 940 3909 1037 3960; x_wconf 90' lang='lat' dir='ltr'><strong>tamen</strong></span> <span class='ocrx_word' id='word_1_366' title='bbox 1059 3904 1170 3959; x_wconf 91' lang='lat' dir='ltr'><strong>monuit</strong></span> <span class='ocrx_word' id='word_1_367' title='bbox 1187 3921 1288 3959; x_wconf 91' lang='lat' dir='ltr'><strong>nomen</strong></span> <span class='ocrx_word' id='word_1_368' title='bbox 1311 3904 1418 3973; x_wconf 87' lang='lat' dir='ltr'><strong>ipsum,</strong></span> <span class='ocrx_word' id='word_1_369' title='bbox 1436 3905 1508 3958; x_wconf 92' lang='lat' dir='ltr'><strong>Pau-</strong></span> 
     </span>
     <span class='ocr_line' id='line_1_38' title="bbox 207 3983 1508 4055; baseline 0.002 -19"><span class='ocrx_word' id='word_1_370' title='bbox 207 3984 303 4037; x_wconf 86' lang='lat' dir='ltr'><strong>saniae</strong></span> <span class='ocrx_word' id='word_1_371' title='bbox 321 3983 513 4039; x_wconf 87' lang='lat' dir='ltr'><strong>testimonium</strong></span> <span class='ocrx_word' id='word_1_372' title='bbox 532 3985 680 4055; x_wconf 80' lang='grc' dir='ltr'><strong>(Π11,1),</strong></span> <span class='ocrx_word' id='word_1_373' title='bbox 702 3984 826 4055; x_wconf 89' lang='lat' dir='ltr'><strong>lapidem</strong></span> <span class='ocrx_word' id='word_1_374' title='bbox 850 3985 1032 4040; x_wconf 86' lang='lat' dir='ltr'><strong>Casselanum</strong></span> <span class='ocrx_word' id='word_1_375' title='bbox 1050 3984 1163 4055; x_wconf 85' lang='lat' dir='ltr'><strong>(Kaibel</strong></span> <span class='ocrx_word' id='word_1_376' title='bbox 1186 3984 1433 4055; x_wconf 79' lang='lat' dir='ltr'><strong>Epigr.gr.1027)</strong></span> <span class='ocrx_word' id='word_1_377' title='bbox 1452 4003 1508 4039; x_wconf 90' lang='lat' dir='ltr'><strong>non</strong></span> 
     </span>
     <span class='ocr_line' id='line_1_39' title="bbox 202 4063 1508 4134; baseline 0.002 -18"><span class='ocrx_word' id='word_1_378' title='bbox 202 4063 257 4117; x_wconf 90' lang='lat' dir='ltr'><strong>nisi</strong></span> <span class='ocrx_word' id='word_1_379' title='bbox 275 4063 451 4118; x_wconf 81' lang='lat' dir='ltr'><strong>salutiferum</strong></span> <span class='ocrx_word' id='word_1_380' title='bbox 469 4064 594 4119; x_wconf 90' lang='lat' dir='ltr'><strong>indicare</strong></span> <span class='ocrx_word' id='word_1_381' title='bbox 613 4065 716 4134; x_wconf 84' lang='lat' dir='ltr'><strong>deum;</strong></span> <span class='ocrx_word' id='word_1_382' title='bbox 736 4066 769 4121; x_wconf 86' lang='lat' dir='ltr'><strong>cf.</strong></span> <span class='ocrx_word' id='word_1_383' title='bbox 789 4065 991 4120; x_wconf 78' lang='lat' dir='ltr'><strong>Gotternamen</strong></span> <span class='ocrx_word' id='word_1_384' title='bbox 1009 4083 1036 4134; x_wconf 92' lang='lat' dir='ltr'><strong>p.</strong></span> <span class='ocrx_word' id='word_1_385' title='bbox 1054 4071 1111 4120; x_wconf 81' lang='grc'><strong>111.</strong></span> <span class='ocrx_word' id='word_1_386' title='bbox 1144 4063 1270 4119; x_wconf 90' lang='lat' dir='ltr'><strong>Ziehenii</strong></span> <span class='ocrx_word' id='word_1_387' title='bbox 1289 4065 1431 4119; x_wconf 88' lang='lat' dir='ltr'><strong>sententia</strong></span> <span class='ocrx_word' id='word_1_388' title='bbox 1444 4082 1508 4119; x_wconf 91' lang='lat' dir='ltr'><strong>con·</strong></span> 
     </span>
     <span class='ocr_line' id='line_1_40' title="bbox 205 4142 1508 4213; baseline 0.002 -18"><span class='ocrx_word' id='word_1_389' title='bbox 205 4142 308 4196; x_wconf 87' lang='lat' dir='ltr'><strong>firmari</strong></span> <span class='ocrx_word' id='word_1_390' title='bbox 326 4142 436 4198; x_wconf 81' lang='lat' dir='ltr'><strong>videtur</strong></span> <span class='ocrx_word' id='word_1_391' title='bbox 453 4147 633 4199; x_wconf 89' lang='lat' dir='ltr'><strong>monumento</strong></span> <span class='ocrx_word' id='word_1_392' title='bbox 653 4146 776 4213; x_wconf 92' lang='lat' dir='ltr'><strong>quodam</strong></span> <span class='ocrx_word' id='word_1_393' title='bbox 793 4145 901 4200; x_wconf 84' lang='lat' dir='ltr'><strong>Romae</strong></span> <span class='ocrx_word' id='word_1_394' title='bbox 920 4146 949 4199; x_wconf 92' lang='lat' dir='ltr'><strong>in</strong></span> <span class='ocrx_word' id='word_1_395' title='bbox 964 4145 1196 4201; x_wconf 74' lang='lat' dir='ltr'><strong>conservatorum</strong></span> <span class='ocrx_word' id='word_1_396' title='bbox 1215 4162 1288 4213; x_wconf 87' lang='lat' dir='ltr'><strong>quae</strong></span> <span class='ocrx_word' id='word_1_397' title='bbox 1303 4144 1407 4199; x_wconf 88' lang='lat' dir='ltr'><strong>dicitur</strong></span> <span class='ocrx_word' id='word_1_398' title='bbox 1426 4144 1508 4198; x_wconf 92' lang='lat' dir='ltr'><strong>domo</strong></span> 
     </span>
     <span class='ocr_line' id='line_1_41' title="bbox 203 4222 1508 4294; baseline 0.001 -19"><span class='ocrx_word' id='word_1_399' title='bbox 203 4225 320 4278; x_wconf 82' lang='lat' dir='ltr'><strong>servato,</strong></span> <span class='ocrx_word' id='word_1_400' title='bbox 356 4222 434 4276; x_wconf 89' lang='lat' dir='ltr'><strong>Dicit</strong></span> <span class='ocrx_word' id='word_1_401' title='bbox 452 4223 526 4277; x_wconf 90' lang='lat' dir='ltr'><strong>enim</strong></span> <span class='ocrx_word' id='word_1_402' title='bbox 547 4224 618 4278; x_wconf 89' lang='lat' dir='ltr'><strong>mihi</strong></span> <span class='ocrx_word' id='word_1_403' title='bbox 636 4225 781 4279; x_wconf 88' lang='lat' dir='ltr'><strong>Dieterich</strong></span> <span class='ocrx_word' id='word_1_404' title='bbox 803 4224 909 4280; x_wconf 90' lang='lat' dir='ltr'><strong>ibidem</strong></span> <span class='ocrx_word' id='word_1_405' title='bbox 934 4224 1098 4294; x_wconf 90' lang='lat' dir='ltr'><strong>Telesphori</strong></span> <span class='ocrx_word' id='word_1_406' title='bbox 1122 4227 1247 4279; x_wconf 84' lang='lat' dir='ltr'><strong>statuam</strong></span> <span class='ocrx_word' id='word_1_407' title='bbox 1271 4242 1301 4279; x_wconf 90' lang='lat' dir='ltr'><strong>se</strong></span> <span class='ocrx_word' id='word_1_408' title='bbox 1323 4225 1426 4278; x_wconf 86' lang='lat' dir='ltr'><strong>vidisse</strong></span> <span class='ocrx_word' id='word_1_409' title='bbox 1444 4241 1508 4293; x_wconf 84' lang='lat' dir='ltr'><strong>par-</strong></span> 
     </span>
     <span class='ocr_line' id='line_1_42' title="bbox 203 4302 1508 4375; baseline 0 -19"><span class='ocrx_word' id='word_1_410' title='bbox 203 4302 306 4372; x_wconf 87' lang='lat' dir='ltr'><strong>vulam,</strong></span> <span class='ocrx_word' id='word_1_411' title='bbox 327 4302 375 4370; x_wconf 91' lang='lat' dir='ltr'><strong>qui</strong></span> <span class='ocrx_word' id='word_1_412' title='bbox 395 4318 508 4372; x_wconf 86' lang='lat' dir='ltr'><strong>corpore</strong></span> <span class='ocrx_word' id='word_1_413' title='bbox 526 4307 653 4373; x_wconf 89' lang='lat' dir='ltr'><strong>porrecto</strong></span> <span class='ocrx_word' id='word_1_414' title='bbox 673 4305 766 4375; x_wconf 87' lang='lat' dir='ltr'><strong>capite</strong></span> <span class='ocrx_word' id='word_1_415' title='bbox 783 4321 869 4358; x_wconf 91' lang='lat' dir='ltr'><strong>manu</strong></span> <span class='ocrx_word' id='word_1_416' title='bbox 890 4305 980 4358; x_wconf 87' lang='lat' dir='ltr'><strong>altera</strong></span> <span class='ocrx_word' id='word_1_417' title='bbox 997 4304 1070 4359; x_wconf 85' lang='lat' dir='ltr'><strong>fulto</strong></span> <span class='ocrx_word' id='word_1_418' title='bbox 1096 4305 1303 4359; x_wconf 90' lang='lat' dir='ltr'><strong>dormientis</strong></span> <span class='ocrx_word' id='word_1_419' title='bbox 1328 4304 1508 4358; x_wconf 85' lang='lat' dir='ltr'><strong>exhiberet</strong></span> 
     </span>
     <span class='ocr_line' id='line_1_43' title="bbox 203 4380 1508 4455; baseline -0.001 -19"><span class='ocrx_word' id='word_1_420' title='bbox 203 4380 360 4453; x_wconf 87' lang='lat' dir='ltr'><strong>speciem.</strong></span> <span class='ocrx_word' id='word_1_421' title='bbox 381 4413 415 4422; x_wconf 89' lang='lat'>—</span> <span class='ocrx_word' id='word_1_422' title='bbox 433 4383 615 4437; x_wconf 88' lang='lat' dir='ltr'><strong>Monumenta</strong></span> <span class='ocrx_word' id='word_1_423' title='bbox 628 4383 761 4453; x_wconf 88' lang='lat' dir='ltr'><strong>locosque</strong></span> <span class='ocrx_word' id='word_1_424' title='bbox 776 4385 811 4438; x_wconf 87' lang='lat' dir='ltr'><strong>ad</strong></span> <span class='ocrx_word' id='word_1_425' title='bbox 826 4380 1027 4454; x_wconf 83' lang='lat' dir='ltr'><strong>Telesphorum</strong></span> <span class='ocrx_word' id='word_1_426' title='bbox 1040 4384 1213 4455; x_wconf 88' lang='lat' dir='ltr'><strong>pertinentes</strong></span> <span class='ocrx_word' id='word_1_427' title='bbox 1227 4384 1384 4454; x_wconf 87' lang='lat' dir='ltr'><strong>composuit</strong></span> <span class='ocrx_word' id='word_1_428' title='bbox 1398 4383 1508 4436; x_wconf 76' lang='lat' dir='ltr'><strong>Schenlr</strong></span> 
     </span>
     <span class='ocr_line' id='line_1_44' title="bbox 204 4461 745 4533; baseline 0.006 -17"><span class='ocrx_word' id='word_1_429' title='bbox 204 4463 245 4517; x_wconf 91' lang='lat' dir='ltr'><strong>De</strong></span> <span class='ocrx_word' id='word_1_430' title='bbox 264 4462 435 4533; x_wconf 82' lang='lat' dir='ltr'><strong>Telesphoro</strong></span> <span class='ocrx_word' id='word_1_431' title='bbox 455 4462 507 4517; x_wconf 92' lang='lat' dir='ltr'><strong>deo</strong></span> <span class='ocrx_word' id='word_1_432' title='bbox 526 4461 652 4533; x_wconf 81' lang='lat' dir='ltr'><strong>Gotting.</strong></span> <span class='ocrx_word' id='word_1_433' title='bbox 669 4469 745 4520; x_wconf 84' lang='lat'><strong>1888.</strong></span> 
     </span>
    </p>

    <p class='ocr_par' dir='ltr' id='par_1_9' title="bbox 294 4543 1508 4615">
     <span class='ocr_line' id='line_1_45' title="bbox 294 4543 1508 4615; baseline -0.001 -19"><span class='ocrx_word' id='word_1_434' title='bbox 294 4546 320 4613; x_wconf 86' lang='lat'><strong>1)</strong></span> <span class='ocrx_word' id='word_1_435' title='bbox 339 4543 380 4596; x_wconf 89' lang='lat' dir='ltr'><strong>De</strong></span> <span class='ocrx_word' id='word_1_436' title='bbox 399 4543 545 4604; x_wconf 84' lang='lat' dir='ltr'><strong>Iasone-</strong></span> <span class='ocrx_word' id='word_1_437' title='bbox 561 4543 614 4597; x_wconf 90' lang='lat' dir='ltr'><strong>deo</strong></span> <span class='ocrx_word' id='word_1_438' title='bbox 627 4543 736 4598; x_wconf 91' lang='lat' dir='ltr'><strong>medico</strong></span> <span class='ocrx_word' id='word_1_439' title='bbox 752 4544 867 4614; x_wconf 90' lang='lat' dir='ltr'><strong>eiusque</strong></span> <span class='ocrx_word' id='word_1_440' title='bbox 876 4544 918 4600; x_wconf 89' lang='lat' dir='ltr'><strong>rei</strong></span> <span class='ocrx_word' id='word_1_441' title='bbox 932 4545 1060 4615; x_wconf 81' lang='lat' dir='ltr'><strong>vestigiis</strong></span> <span class='ocrx_word' id='word_1_442' title='bbox 1070 4545 1135 4601; x_wconf 86' lang='lat' dir='ltr'><strong>vide</strong></span> <span class='ocrx_word' id='word_1_443' title='bbox 1146 4545 1298 4600; x_wconf 89' lang='lat' dir='ltr'><strong>Usenerum</strong></span> <span class='ocrx_word' id='word_1_444' title='bbox 1307 4543 1508 4598; x_wconf 80' lang='lat' dir='ltr'><strong>thternameu</strong></span> 
     </span>
    </p>
   </div>
   <div class='ocr_carea' id='block_1_8' title="bbox 202 4627 899 4777">
    <p class='ocr_par' dir='ltr' id='par_1_10' title="bbox 202 4627 899 4777">
     <span class='ocr_line' id='line_1_46' title="bbox 202 4627 366 4692; baseline 0.012 -17"><span class='ocrx_word' id='word_1_445' title='bbox 202 4641 229 4692; x_wconf 90' lang='lat' dir='ltr'><strong>p.</strong></span> <span class='ocrx_word' id='word_1_446' title='bbox 246 4627 296 4676; x_wconf 80' lang='grc'><strong>156</strong></span> <span class='ocrx_word' id='word_1_447' title='bbox 307 4640 366 4691; x_wconf 88' lang='lat' dir='ltr'><strong>sqq.</strong></span> 
     </span>
     <span class='ocr_line' id='line_1_47' title="bbox 293 4703 899 4777; baseline 0.008 -21"><span class='ocrx_word' id='word_1_448' title='bbox 293 4706 320 4777; x_wconf 83' lang='lat'><strong>2)</strong></span> <span class='ocrx_word' id='word_1_449' title='bbox 339 4703 379 4757; x_wconf 90' lang='lat' dir='ltr'><strong>De</strong></span> <span class='ocrx_word' id='word_1_450' title='bbox 398 4720 454 4771; x_wconf 92' lang='lat' dir='ltr'><strong>quo</strong></span> <span class='ocrx_word' id='word_1_451' title='bbox 473 4703 536 4758; x_wconf 86' lang='lat' dir='ltr'><strong>vide</strong></span> <span class='ocrx_word' id='word_1_452' title='bbox 554 4705 709 4760; x_wconf 85' lang='lat' dir='ltr'><strong>Usenerum</strong></span> <span class='ocrx_word' id='word_1_453' title='bbox 727 4705 745 4760; x_wconf 89' lang='grc'><strong>1.</strong></span> <span class='ocrx_word' id='word_1_454' title='bbox 761 4723 781 4760; x_wconf 89' lang='grc'><strong>1.</strong></span> <span class='ocrx_word' id='word_1_455' title='bbox 796 4725 823 4776; x_wconf 88' lang='lat' dir='ltr'><strong>p.</strong></span> <span class='ocrx_word' id='word_1_456' title='bbox 840 4711 899 4761; x_wconf 78' lang='lat'><strong>156.</strong></span> 
     </span>
    </p>
   </div>
   <div class='ocr_carea' id='block_1_9' title="bbox 1261 4792 1296 4847">
    <p class='ocr_par' dir='ltr' id='par_1_11' title="bbox 1261 4792 1296 4847">
     <span class='ocr_line' id='line_1_48' title="bbox 1261 4792 1296 4847; baseline 0 -24"><span class='ocrx_word' id='word_1_457' title='bbox 1261 4792 1296 4847; x_wconf 68' lang='lat'><strong>50</strong></span> 
     </span>
    </p>
   </div>
   <div class='ocr_carea' id='block_1_10' title="bbox 0 0 1780 5317">
    <p class='ocr_par' dir='ltr' id='par_1_12' title="bbox 0 0 1780 5317">
     <span class='ocr_line' id='line_1_49' title="bbox 0 0 1780 5317; baseline 0 1"><span class='ocrx_word' id='word_1_458' title='bbox 0 0 1780 5317; x_wconf 95' lang='lat' dir='ltr'><strong> </strong></span> 
     </span>
    </p>
   </div>
  </div>
 </body>
</html>
