3550 5317
295 330 358 394 102
865 330 1019 400 caputrv.

292 518 320 559 v.
336 495 388 577 26,
403 494 481 558 206:
505 491 701 558 Aretarchus
726 494 880 578 sophista,
904 494 959 577 qui
978 518 996 559 e
1014 494 1144 559 renibus
1160 494 1339 580 laborabat,
1362 499 1456 582 ἔτυχε
1471 550 1477 562 .
1493 549 1500 562 .
1515 551 1521 563 .
1537 517 1598 564 σιο-

292 595 406 679 τηριάς
428 593 518 678 παρά
540 600 598 674 τῆς
620 593 787 679 μάρτυρος
810 593 966 677 εἰπούσης
989 595 1126 658 ἔσεσθαι
1144 594 1321 679 φάρμακον
1337 594 1427 681 αὐτῷ
1446 594 1501 660 καί
1520 599 1598 673 άκος

292 700 351 756 τοῦ
374 689 507 766 πάθους
530 689 776 768 ἀψευδέστατον
799 691 879 755 ἀλλο
902 686 964 774 μὲν
987 687 1087 755 οὐδὲν
1109 690 1130 775 ἢ
1153 693 1190 755 τὸ
1214 701 1387 757 νυκτιαίον
1403 702 1465 758 τοῦ
1488 696 1598 777 φωτὸς

292 798 351 853 τοῦ
375 787 429 852 καί
452 789 511 853 τὸν
534 787 635 872 αὐτῆς
657 787 926 871 καταλάμποντος
949 785 999 852 ἀεί
1022 798 1133 874 χῶρον
1155 791 1269 854 ἔλαιον
1292 785 1345 874 (cf.
1364 814 1394 874 p.
1414 791 1466 874 82,
1481 789 1517 878 2)
1537 844 1543 856 .
1562 843 1597 856 ..

291 895 348 969 της
375 883 436 970 μὲν
470 885 586 961 ἰάσεως
618 887 726 969 ἔτυχε,
759 892 816 969 της
848 881 884 949 δὲ
917 885 1067 969 ἀσεβείας
1094 886 1156 951 οὐκ
1189 885 1422 971 ἀπηλλάγη..
1447 940 1453 952 .
1477 889 1507 954 ξὁ
1535 892 1597 976 μάρ

293 984 570 1071 Σαρπηδόνιός
602 983 686 1067 μοι’,
717 985 813 1067 φησί,
842 983 891 1046 ‘rc
924 986 1059 1066 ζητῆσαί
1087 1007 1123 1048 τε
1152 982 1227 1070 παρ’
1265 985 1365 1067 αὐτῆς
1396 984 1451 1050 καί
1483 991 1598 1070 λαβεῖν

291 1079 556 1168 προσέταξενῖ
602 1078 716 1163 Itaque
739 1080 915 1144 christiana
938 1102 1010 1144 cum
1039 1079 1175 1146 ethnicis
1204 1103 1238 1146 se
1264 1082 1397 1147 miscere
1424 1106 1490 1148 non
1518 1085 1598 1149 desi-

290 1183 379 1243 nunt.
417 1177 551 1264 Maximi
569 1199 646 1242 vero
666 1199 746 1260 quae
766 1177 804 1242 de
824 1177 985 1242 Seleuciae
1005 1177 1134 1243 oraculo
1153 1180 1325 1243 traduntur
1348 1185 1424 1245 suut
1442 1184 1595 1248 moment'

290 1280 469 1361 propterea,
498 1275 583 1358 quod
610 1275 673 1340 hoc
701 1274 773 1339 loco
801 1276 901 1339 trium
929 1275 1123 1361 religionum
1151 1299 1232 1360 quae
1259 1277 1344 1342 inter
1371 1301 1404 1343 se
1434 1280 1598 1364 excipiunt

290 1374 428 1458 vestigia
464 1395 635 1456 possumus
669 1373 833 1458 indagare:
871 1372 1057 1458 chthoniae,
1093 1373 1300 1461 Apollineae,
1331 1377 1537 1464 christianae3
1564 1380 1598 1443 id

291 1472 377 1556 quod
397 1471 589 1555 exprimitur
609 1469 782 1554 Sarpedon,
806 1469 936 1554 Apollo,
959 1470 1077 1536 Thecla
1094 1472 1289 1538 nominibus.
1327 1472 1407 1538 Oum
1425 1476 1466 1539 ad
1484 1478 1597 1562 populi

290 1570 393 1652 ipsius
416 1570 513 1633 fidem
537 1569 683 1653 respicio,
708 1567 873 1652 Sarpedon
896 1591 1071 1652 numquam
1099 1570 1139 1634 ab
1162 1569 1314 1654 Apolline
1342 1576 1391 1637 est
1419 1595 1598 1660 repressus,

289 1689 365 1731 nam
396 1668 424 1730 is
457 1667 540 1752 ipse,
569 1689 636 1732 non
672 1666 789 1750 Lycius
825 1667 916 1750 deus,
943 1678 967 1730 ‘a
998 1671 1139 1751 martyre
1171 1668 1347 1734 christiana
1383 1671 1596 1736 continuatur.

291 1763 360 1840 Qua
383 1787 416 1828 re
440 1766 544 1828 denuo
569 1764 749 1828 declaratur
771 1765 874 1828 multo
904 1764 1029 1828 firmius
1053 1765 1248 1830 Graecorum
1279 1767 1400 1851 populo
1428 1770 1597 1852 mysticam

290 1861 379 1925 illam
403 1861 535 1926 insitam
558 1862 658 1926 fuisse
677 1861 867 1947 religionem
892 1861 1079 1926 chthoniam
1098 1886 1195 1947 quam
1217 1865 1353 1930 hilarem
1373 1865 1597 1951 Olympiorum

290 1959 500 2042 splendorem.
662 1950 666 1956 ⁸

379 2056 533 2142 Superest
555 2061 592 2121 ut
616 2058 654 2122 de
677 2062 781 2122 morte
804 2058 940 2123 Theclae
964 2079 1065 2142 pauca
1087 2059 1251 2145 addamus,
1274 2060 1313 2124 de
1337 2084 1399 2145 qua
1421 2061 1562 2128 Basilius
1580 2063 1597 2129 I

290 2178 321 2239 p.
339 2156 403 2219 122
414 2179 460 2240 sq.
485 2157 598 2220 scribit
620 2156 711 2221 haec:
736 2156 897 2241 ἐκοιμήθη
921 2156 996 2241 με’ν,
1020 2158 1070 2234 ὡς
1097 2157 1115 2221 ὁ
1142 2160 1265 2233 πολὺς
1292 2157 1356 2223 καί
1385 2158 1596 2244 ἀληθέστε-

290 2277 359 2338 ρος
382 2257 514 2338 λόγος,
539 2254 705 2338 οὐδαμῶς,
729 2256 798 2318 ἔδυ
822 2251 863 2318 δὲ
891 2258 990 2334 ζῶσα
1011 2253 1066 2319 καί
1089 2256 1306 2338 ὑπεισῆλθε
1328 2258 1390 2341 τὴν
1412 2267 1486 2342 νην,
1509 2258 1596 2324 οὕτω

290 2359 335 2437 τῷ
363 2356 435 2438 Θεῷ
460 2350 561 2429 δόξαν
580 2353 792 2436 ἀιαστηναί
811 2375 845 2417 τε
869 2353 952 2439 αὐτῇ
971 2351 1026 2417 καί
1048 2352 1326 2440 ἀπορραγῆναι
1348 2356 1410 2437 τὴν
1431 2364 1496 2439 γῆν
1519 2355 1596 2420 ἐκεί-

288 2471 347 2532 νη,
367 2448 403 2513 ἐν
432 2441 518 2536 ᾧπερ
544 2450 672 2536 τόπῳὴ
697 2453 774 2514 θεία
792 2448 847 2514 καί
868 2452 940 2537 ίερά
957 2449 1013 2515 καὶ
1031 2454 1257 2537 λειτουργικὸς
1274 2450 1399 2537 πέπηγε
1417 2455 1536 2540 τράπεζ

290 2543 345 2610 καί
368 2548 491 2623 παντὸς
514 2543 575 2631 μὲν
588 2548 736 2631 πάθους,
759 2549 865 2631 πάσης
884 2545 922 2613 di
941 2548 1125 2635 ἀρρωστίας
1144 2549 1291 2615 αὐτόθεν
1314 2550 1450 2635 ἀφιεῖσα
1472 2554 1596 2635 πημάς

288 2645 468 2728 ἰαμάτων
497 2695 566 2710 ...
594 2646 639 2721 ὡς
666 2640 752 2710 εἶναι
780 2646 985 2731 πάνδημον
1008 2649 1186 2734 ἰατρεῖον
1214 2648 1273 2712 τὸν
1300 2651 1412 2713 τόπον.
1459 2648 1595 2726 Quibus-

290 2763 364 2806 cum
394 2746 470 2806 sunt
503 2742 706 2823 conferenda,
736 2744 875 2828 quaein
902 2744 996 2808 Pauli
1030 2749 1063 2809 et
1094 2744 1231 2810 Theclae
1260 2750 1405 2811 actorum
1432 2748 1496 2811 fine
1517 2769 1596 2811 non-

290 2839 388 2904 nullis
413 2840 576 2906 codicibus
599 2840 777 2906 traduntur.
823 2841 1006 2907 Narrantur
1033 2843 1118 2906 euim
1146 2841 1271 2930 haec¹):
1295 2843 1458 2909 Seleuciae
1481 2845 1594 2908 medici

188 3016 190 3020 .
290 2938 518 3002 detrimentum
542 2938 724 3023 capiebant,
748 2939 824 3023 quia
852 2939 971 3004 Thecla
1003 2962 1084 3026 quae
1113 2941 1147 3003 in
1175 2963 1272 3026 specu
1298 2941 1467 3006 habitabat
1494 2964 1594 3026 prope

287 3036 400 3104 urbem
432 3036 494 3099 sita
526 3037 640 3121 gratiis
671 3037 803 3100 curabat
839 3037 995 3102 infirmos.
1040 3036 1175 3102 Iuvenes
1198 3039 1299 3124 igitur
1321 3040 1361 3102 ad
1385 3040 1596 3122 stuprandam

288 3137 432 3197 sanctam
464 3135 635 3219 miserrmt,
668 3157 731 3218 quo
764 3136 849 3200 facto
880 3134 1046 3219 Theclam,
1080 3159 1176 3220 quam
1207 3136 1383 3201 Artemidis
1411 3137 1595 3201 ministram

288 3253 358 3295 esse
387 3231 559 3317 putabant,
589 3232 655 3296 vim
684 3231 881 3297 salutiferam
911 3233 1106 3297 defecturam
1134 3255 1202 3298 esse
1234 3234 1413 3319 sperabant.
1460 3233 1595 3300 Summo

287 3329 321 3391 in
345 3328 488 3411 periculo
512 3328 599 3392 Deus
623 3329 773 3394 adoratus
792 3331 928 3414 martyri
946 3330 1025 3395 haec
1043 3333 1215 3417 respondet
1238 3331 1271 3419 (e
1289 3333 1397 3396 codice
1417 3331 1595 3420 spara:

287 3426 331 3509 μη
355 3429 509 3511 φοβηθῇς
533 3477 539 3490 .
564 3478 570 3490 .
596 3478 602 3490 .
632 3428 682 3492 lde
706 3429 790 3494 ὅπου
812 3426 973 3516 ἀνέῳκται
995 3429 1185 3516 ἔμπροσθέν
1209 3446 1286 3514 σου,
1314 3429 1382 3494 ἐκεῖ
1407 3431 1471 3516 γάρ
1504 3426 1595 3506 οἶκος

290 3523 426 3600 αἰώνιος
449 3526 540 3588 ἔσται
559 3541 623 3608 σοι,
646 3523 738 3590 κάκεῖ
760 3528 820 3609 τὴν
840 3526 1014 3606 ἐπίσκεψιν
1032 3525 1120 3613 ὃίχη.
1139 3525 1193 3592 καί
1218 3577 1278 3592 ...
1304 3526 1411 3593 Θέκλα
1440 3529 1512 3594 ldae
1533 3529 1594 3611 τὴν

287 3618 412 3706 πέτραν
441 3621 714 3709 ἀνεμχθεῖσαν
741 3623 822 3687 ὅσον
848 3637 951 3710 χωρεῖ
976 3627 1159 3711 ἀνθρωπον
1189 3623 1387 3690 εἰσιέναι..
1414 3624 1500 3691 .καί
1523 3676 1531 3690 .
1555 3678 1593 3691 ..

287 3721 477 3802 εἰσῆλθεν
508 3723 563 3796 εἰς
593 3722 662 3804 την
698 3718 855 3806 πέτραν·
884 3720 940 3786 καὶ
972 3726 1191 3806 συνεκλείσθη
1220 3723 1325 3801 εὐθὺς
1353 3722 1499 3810 ἡπίτρα
1525 3730 1592 3790 κτλ.

289 3817 328 3881 cf.
344 3815 438 3881 ABc
458 3839 483 3882 c.
502 3818 591 3902 44,4
610 3841 639 3902 p.
655 3818 733 3882 270:
756 3821 899 3905 προνοίᾳ
917 3817 955 3884 dl
972 3827 1057 3885 θεοῦ
1076 3823 1232 3904 εἰσῆλθεν
1251 3821 1288 3886 ἐν
1306 3831 1345 3906 τῇ
1362 3820 1466 3909 πέτρᾳ
1484 3827 1594 3906 ζῶσα,

285 3912 340 3978 καί
364 3915 425 3997 την
448 3925 524 3998 γῆν
547 3914 712 4003 ὑπίβηί).
758 3917 797 3980 cf.
823 3914 961 3981 Simeon.
985 3917 1193 4002 Metaphrast.
1217 3919 1272 3983 vit.
1292 3919 1399 3983 Thecl.
1422 3920 1457 3983 in
1479 3920 1593 3985 Basilii

287 4010 427 4074 editione
451 4035 481 4095 p.
500 4012 580 4076 290:
605 4013 667 4100 ὁρᾷ
688 4012 757 4078 κατ’
784 4016 865 4091 ὄψιν
887 4013 1011 4101 πέτραν
1034 4017 1310 4098 ἀιανοιμεῑσαν
1329 4067 1335 4079 .
1356 4066 1362 4080 .
1382 4066 1389 4080 .
1409 4016 1566 4094 εὐθὺς..
1586 4068 1593 4082 .

288 4109 335 4184 εἰς
363 4109 434 4192 την
460 4108 605 4196 πέτραν
638 4109 759 4176 deddc.
807 4110 895 4187 Quae
924 4113 1004 4178 actis
1032 4111 1142 4178 insunt
1175 4135 1213 4177 ex
1241 4113 1295 4198 iis,
1322 4135 1403 4197 quae
1431 4113 1593 4180 Seleuciae

376 4374 402 4443 1)
420 4373 455 4428 cf.
475 4375 547 4430 Acta
566 4375 756 4443 apostolorum
775 4377 936 4446 apocrypha
955 4378 1016 4431 edd.
1037 4378 1148 4448 Lipsius
1167 4380 1197 4433 et
1209 4378 1322 4434 Bonnet
1338 4379 1351 4432 Ι
1369 4399 1396 4450 p.
1412 4384 1464 4432 270
1475 4398 1533 4449 sqq.

375 4455 401 4524 2)
421 4454 553 4522 Sequitur
579 4454 626 4507 hic
653 4456 777 4510 narratio
806 4457 841 4510 de
871 4458 1052 4512 subterraneo
1080 4458 1201 4513 Theclae
1229 4459 1331 4513 itinere
1363 4460 1481 4514 Romam
1507 4460 1592 4529 facto,

286 4551 343 4601 qua
357 4534 391 4588 de
405 4551 435 4588 re
453 4538 528 4589 recte
547 4535 667 4590 fortasse
685 4535 823 4591 iudicavit
841 4536 952 4606 Lipsius
971 4537 1023 4592 Die
1039 4538 1135 4607 apokr.
1151 4538 1362 4608 Apostelgesch.
1378 4557 1404 4593 u.
1420 4540 1592 4610 Apostelleg.

285 4614 311 4666 Π
327 4619 340 4665 1
355 4632 381 4682 p.
398 4619 461 4668 432:
481 4616 542 4682 „Es
561 4616 625 4686 ἰίιηί
641 4616 720 4682 καίοι,
743 4618 775 4670 ia
797 4617 845 4671 der
869 4618 933 4672 θεία.
958 4618 1121 4689 Ενκάἰιίιααη
1143 4618 1197 4673 den
1219 4619 1337 4674 Versucb
1359 4634 1394 4673 κα
1417 4619 1524 4687 finden,
1547 4619 1592 4675 die
1642 4664 1647 4677 .

287 4693 404 4749 Gebeine
422 4694 447 4749 ἀ.
467 4694 598 4766 Ηαίἰμικ
615 4696 665 4762 βάκ
683 4696 756 4752 Rom
775 4712 810 4751 ια
829 4699 1014 4754 ακκοοίίαικίί.
