3550 5317
567 303 609 357 De
628 303 750 357 carmine
767 303 904 373 Delphico
922 302 1082 373 Euripidae.
1460 303 1503 367 55

207 464 292 531 1255
316 466 405 530 verbi
429 470 564 551 φαίνειν
587 467 808 550 compositum,
831 468 1032 552 προφαίνειν
1055 465 1153 531 verbo
1173 465 1286 550 simile,
1310 466 1344 530 in
1366 471 1505 530 mentem

204 568 341 629 venerat.
1069 609 1071 614 -

292 662 437 745 Denique
465 661 681 727 Eumenidum
708 662 796 727 locos
826 660 998 727 nonnullos
1025 661 1194 745 adscripsi,
1227 661 1282 745 qui
1310 683 1382 726 cum
1410 661 1505 726 rebus

205 760 311 824 allatis
345 760 569 824 consentirent.
623 759 708 826 Nam
741 760 838 823 etiam
870 760 955 844 apud
985 758 1182 842 Aeschylum
1219 759 1337 823 similia
1369 759 1505 824 inveniri

203 861 450 923 consentaneum
477 861 532 921 est.
583 856 746 942 Imprimis
774 879 884 922 versus
916 858 960 921 20
968 881 1036 942 sqq.
1059 857 1275 923 Eumenidum
1311 857 1405 942 plane
1433 879 1505 921 con-

206 960 327 1039 gruunt
350 977 422 1019 oum
444 954 608 1019 nonnullis
637 954 783 1019 versibus
809 955 923 1039 hymni
945 953 974 1039 I,
1002 977 1096 1039 quos,
1124 977 1318 1040 quamquam
1345 976 1413 1018 rem
1441 955 1504 1018 iam

207 1053 318 1137 attigit
341 1052 473 1117 Grusius
496 1050 549 1139 (D.
574 1052 678 1137 delph.
701 1051 853 1136 Hymncn
875 1075 906 1136 p.
925 1050 997 1139 26),
1019 1057 1056 1118 ut
1079 1054 1245 1118 commode
1272 1053 1410 1118 conferri
1433 1075 1504 1136 pos-

206 1150 279 1234 sint,
302 1171 498 1235 componam.

332 1343 447 1409 Aesch.
466 1344 559 1409 Eum.
579 1345 622 1409 20
631 1367 699 1428 sqq.
1086 1344 1236 1428 Hymnus
1259 1344 1283 1409 I.

200 1443 339 1518 τούτους
375 1442 412 1507 ἐν
449 1442 560 1527 εὐχαῖς
603 1443 836 1527 φροιμιάζομαι
864 1442 908 1505 25
917 1465 984 1526 sqq.
995 1443 1078 1507 ὅθεν
1097 1447 1275 1527 Τριτογενῆ
1296 1448 1503 1529 Προναίαν

245 1540 356 1614 θεούς.
729 1577 731 1581 -
901 1539 939 1623 ἐμ
946 1537 1304 1626 μαντείοις(ῗ)ἁ[γ]ίοις
1318 1538 1425 1623 σέβων
1434 1545 1501 1605 κτλ.

200 1638 362 1712 Παλλὰς
389 1639 570 1722 Προναία
598 1635 628 1700 δ’
661 1635 698 1701 ἑν
726 1640 837 1721 λόγοις

244 1734 467 1819 πρεσβεύεται.

666 1912 668 1917 ,
922 1830 975 1919 (of.
995 1835 1153 1909 Παλλὰς
1171 1856 1200 1897 v.
1221 1833 1262 1897 19
1282 1837 1315 1896 et
1332 1831 1379 1896 III
1395 1830 1439 1918 9.)

199 1926 283 2011 σέβω
308 1924 344 1993 δὲ
367 1929 537 2013 νύμφας,
556 1931 641 1994 ἔνθα
655 1928 836 2016 Κωρυκὶς
863 1930 906 1993 33
915 1952 982 2014 sqq.
998 1932 1186 2015 δωροῦνται
1205 1928 1245 1994 δέ
1256 1926 1322 2016 σλε)
1339 1929 1501 1995 ἀθάνατοι

242 2025 364 2112 πέτρα
386 2030 565 2109 κοίλη...
908 2030 1126 2092 Ποσειδῶν
1171 2028 1286 2111 ἁγνοῖς
1336 2026 1502 2110 δαπέδοις,

200 2125 372 2208 Βρόμιος
395 2126 461 2208 ἔχει
484 2125 542 2189 τὸν
565 2136 759 2210 χῶρον...
909 2125 1073 2209 Νύμφαι
1114 2126 1390 2209 Κωρυκίοισιν
1435 2126 1501 2188 ἄν·

908 2246 1031 2307 τροις,
1065 2223 1098 2304 o}
1131 2217 1159 2287 lt
1187 2222 1309 2303 Παιάν,
1341 2219 1502 2306 τριετέσιυ

358 2355 402 2363 -
631 2355 675 2363 -
709 2394 711 2399 Ι
904 2330 1026 2403 φαναῖς
1045 2320 1226 2402 Βρόμιος.

199 2420 366 2480 Πλειστοῦ
402 2438 437 2479 τε
467 2417 574 2498 πηγὰς
605 2413 659 2479 καὶ
692 2421 836 2480 Ποσει-

244 2513 265 2575 δ
271 2523 370 2588 ῶνος
396 2513 515 2598 κράτος
537 2518 684 2577 καλοῦσα
708 2510 763 2576 καὶ
785 2511 835 2577 τέ-

242 2615 333 2675 λειον
355 2609 525 2686 ὕψιστον
547 2613 633 2674 Δία.
864 2611 893 2673 l.
919 2610 1043 2692 Ζηνὸς
1070 2610 1240 2686 ὑψίστου
1267 2610 1323 2694 (sc.
1348 2608 1500 2697 ἄγαλμα).
1602 2627 1606 2635 ’

286 2812 399 2897 Itaque
422 2836 461 2879 ex
484 2814 535 2878 his
559 2835 699 2897 quoque,
723 2836 803 2896 quae
831 2814 999 2877 attulimus
1027 2814 1062 2876 in
1089 2814 1151 2876 hoc
1177 2813 1332 2899 capitulo,
1361 2819 1398 2878 ut
1426 2818 1500 2878 sunt

198 2932 311 2996 pauca,
340 2912 386 2975 ita
414 2910 529 2995 clucet,
558 2914 712 2995 quantum
744 2912 779 2974 in
809 2909 921 2974 Graeci
950 2910 1063 2995 populi
1095 2911 1162 2975 vita
1192 2911 1351 2975 valuerint
1380 2911 1499 2995 Delphi

201 3012 297 3092 atque
326 3009 446 3092 omnia,
475 3030 555 3091 quae
583 3030 656 3072 cum
684 3009 746 3073 hoc
772 3009 902 3072 nomine
930 3008 1180 3093 coniungantur,
1207 3030 1265 3072 nec
1293 3009 1410 3072 mirum
1438 3010 1500 3073 hoc

199 3105 269 3169 loco
293 3104 479 3191 Apollinem
507 3128 579 3169 eum
607 3107 727 3170 factum
751 3128 818 3170 esse
846 3107 954 3191 deum,
980 3107 1050 3190 „cui
1077 3106 1191 3187 reliqui
1217 3107 1252 3171 δι’
1278 3108 1498 3185 ωυοωείωοαλ,

197 3209 232 3267 αλ
247 3210 374 3285 praem
396 3210 505 3271 ceteros
527 3204 705 3269 ύίνινιανοίίλ
714 3200 748 3289 ¹).

288 3486 313 3551 1)
333 3482 387 3537 Cic.
407 3483 517 3538 Tuscul.
532 3484 545 3537 I
559 3489 672 3550 47,114.
705 3483 833 3552 Exempli
847 3484 941 3553 gratia
955 3484 988 3538 cf.
1004 3483 1068 3538 Eur.
1083 3484 1140 3539 lon.
1156 3503 1179 3539 v.
1195 3490 1246 3538 407
1256 3502 1306 3551 sq,
1325 3484 1374 3537 ubi
1388 3484 1498 3538 Xuthus

201 3564 235 3615 de
254 3561 423 3631 Trophonio,
442 3579 525 3630 quom
544 3566 610 3617 ante
628 3562 787 3631 Apollinem
802 3563 987 3632 consuluerat,
1002 3562 1083 3618 dicit:
1103 3564 1153 3617 ούκ
1167 3563 1265 3633 ἠξίωσε
1279 3572 1328 3617 τοῦ
1346 3567 1417 3617 θεοῦ
1431 3582 1497 3631 προ-

199 3641 351 3714 λαμβάνειν
366 3640 553 3711 μαντεύμαθ’.
581 3643 633 3697 Vel
647 3644 728 3697 Paus.
743 3642 795 3696 VII
809 3648 833 3705 ὃ,
845 3650 869 3712 3,
888 3642 938 3696 ubi
952 3643 1098 3713 Smyrnaei
1112 3661 1182 3712 quos
1200 3643 1360 3704 Alexander
1377 3643 1498 3712 Magnus

169 3764 171 3769 ,
198 3722 228 3775 in
246 3722 355 3792 Pagum
373 3725 498 3777 montem
521 3724 667 3777 traducere
689 3738 739 3792 per
760 3722 929 3777 insomnium
948 3741 965 3777 a
984 3723 1150 3778 Nemesibus
1174 3722 1265 3775 iussus
1289 3723 1333 3775 est
1350 3722 1394 3791 (cf.
1415 3740 1499 3791 supra

194 3820 221 3871 p.
238 3809 253 3856 7
271 3802 347 3871 adn.)
366 3802 489 3857 Clarium
509 3801 658 3857 consulunt
670 3801 838 3872 Apollinem,
856 3802 906 3871 qui
925 3803 1084 3858 assentitur.
1121 3802 1159 3855 lis
1177 3802 1255 3867 loeis,
1274 3800 1376 3868 quibus
1395 3800 1497 3871 Apollo

196 3890 259 3926 cum
289 3872 409 3927 oraculis
434 3890 485 3943 per
512 3890 638 3927 somnum
666 3873 884 3927 vaticinantibus
913 3874 1067 3943 concurrit,
1093 3873 1151 3927 fere
1180 3873 1330 3926 daemones
1359 3872 1405 3926 vel
1430 3873 1497 3926 deos

196 3952 342 4007 ohthonios
361 3953 412 4006 sub
431 3956 601 4022 potestatem
616 3970 694 4007 suam
708 3952 821 4022 redigit,
840 3953 870 4006 id
885 3954 961 4022 quod
975 3954 1157 4024 significatur,
1176 3970 1239 4005 eum
1253 3951 1282 4003 di
1301 3950 1344 4005 illi
1358 3952 1497 4022 Apollinis

197 4031 248 4084 filii
266 4032 453 4087 nominantur.
490 4032 667 4103 Trophonius
684 4032 824 4102 Apollinis
838 4033 925 4089 filius:
944 4035 1025 4088 Paus.
1046 4032 1084 4085 IX
1104 4038 1181 4099 37,5.
1210 4031 1340 4086 Philostr.
1356 4032 1388 4087 V.
1403 4032 1495 4101 Apoll.

196 4111 259 4163 VllI
275 4118 316 4177 19,
326 4130 352 4181 p.
364 4118 424 4179 335,
433 4120 473 4168 12.
485 4113 519 4167 cf.
531 4112 674 4167 O.M1'iller
688 4112 816 4167 Orchom.
826 4131 852 4167 u.
864 4114 890 4167 d.
901 4112 1025 4181 Minyer'
1033 4131 1061 4182 p.
1069 4119 1126 4167 143.
1146 4111 1300 4182 Trophonii
1309 4112 1453 4166 oraculum
1463 4129 1496 4166 ex

196 4190 337 4259 Apollinis
347 4191 454 4245 monitu
465 4192 615 4262 detegitur,
633 4192 881 4259 Paus.IX40,1.2.
894 4191 978 4247 schol.
998 4192 1044 4246 Ar.
1064 4192 1136 4245 Nub.
1152 4192 1259 4245 50813.
1279 4192 1454 4261 Trophonius
1468 4196 1497 4245 et

195 4269 353 4339 Agamedes
371 4273 485 4340 proptor
502 4272 637 4342 tamplum
651 4272 767 4341 Delphis
787 4272 966 4326 aedificatum
979 4271 1024 4342 (of.
1040 4288 1125 4341 supra
1138 4290 1165 4341 p.
1178 4277 1211 4325 19
1229 4272 1303 4340 adn.)
1322 4271 1496 4325 vaticinandi

197 4352 301 4405 donum
320 4350 469 4420 recipiunt,
489 4350 601 4406 Cosmus
621 4353 657 4407 ad
677 4353 757 4421 Greg.
773 4352 840 4406 Nan.
857 4368 940 4405 carm.
956 4357 990 4404 ol
1008 4352 1104 4422 Migne
1122 4351 1198 4405 Patr.
1214 4370 1254 4421 gr.
1269 4353 1289 4404 t.
1305 4356 1339 4404 38
1353 4370 1380 4420 ρ,
1395 4356 1446 4404 513
1462 4377 1495 4396 =

195 4430 378 4501 spicilegium
400 4430 557 4486 Romanum
576 4432 619 4486 sd.
643 4432 713 4501 Ang.
738 4432 796 4485 Mai
811 4433 830 4485 t.
845 4432 871 4485 H
884 4450 912 4501 p.
929 4437 988 4486 184.
1025 4430 1212 4501 Amphiaraus
1238 4429 1378 4499 Apollinis
1407 4429 1493 4482 filius:

195 4511 296 4581 Hygin.
309 4511 365 4565 fab.
379 4516 429 4564 128
443 4530 470 4581 p.
486 4518 544 4581 111,
555 4517 590 4564 24
603 4512 737 4565 Schmidt.
756 4513 914 4580 „tripodum
924 4528 1009 4565 comes
1018 4514 1115 4580 τίγλτω
1124 4512 1331 4565 unicalamum
1345 4510 1495 4563 aahcmoffl

196 4590 344 4660 (Apollinis
367 4591 463 4659 verba)
490 4592 559 4645 Stat.
580 4591 667 4644 Theb.
687 4590 725 4644 VI
744 4597 840 4659 378sq.
860 4590 949 4652 ἀνιεὶς
970 4590 1021 4659 τὴν
1044 4590 1169 4660 κεφαλὴν
1191 4588 1338 4644 Ἀτύλλωνι
1363 4588 1493 4644 Philostr.

199 4670 246 4725 lm.
256 4672 269 4722 I
281 4676 313 4725 27
324 4690 351 4741 p.
363 4676 423 4739 332,
434 4677 476 4725 23.
500 4670 594 4726 Croesi
607 4671 681 4725 dona
696 4670 726 4724 in
745 4670 884 4741 Apollinis
900 4671 1014 4725 Ismenii
1029 4670 1135 4740 templo
1149 4669 1288 4724 collocata
1306 4668 1407 4723 Herod.
1424 4668 1492 4723 152.
