3550 5317
649 314 691 367 De
709 313 889 367 incubatione
909 312 1069 367 christiana.
1464 314 1506 379 75

293 477 520 543 Subsistemus.
567 476 653 542 Satis
677 477 781 542 elucet
803 500 842 541 ex
865 477 926 558 his,
945 500 1025 561 quae
1048 477 1250 561 protulimus,
1275 483 1394 561 quanta
1412 477 1509 542 inter-

204 579 296 643 cedat
326 577 504 642 similitudo
532 577 616 641 inter
642 577 726 642 hane
753 575 993 641 incubationem
1021 576 1228 640 christianam
1256 579 1352 660 atque
1380 576 1508 640 incuba-

203 677 324 740 tionem
355 676 390 739 in
419 674 604 760 Aesculapii
631 675 760 759 templis
788 674 955 738 usitatam:
986 697 1053 739 non
1080 695 1182 758 pauca
1210 677 1298 756 sunt,
1326 695 1406 756 quae
1433 672 1509 756 Epi-

204 774 314 838 dauria
337 773 455 838 iamata
478 773 513 838 in
535 773 721 838 memoriam
749 776 877 857 vocent,
903 795 983 856 quae
1010 795 1125 856 nempe
1148 770 1332 855 Aesculapii
1354 771 1510 855 θαύματα

203 872 363 937 nominari
395 874 538 956 possunt.
590 871 675 948 Quin
704 872 774 955 ipsa
804 869 937 936 Oosrnae
972 874 1004 934 et
1035 870 1187 935 Damiani
1218 870 1372 934 miracula
1399 870 1510 934 eodem

204 969 339 1034 consilio
368 970 454 1034 edita
482 993 550 1035 esse
577 968 739 1054 videntur,
769 991 832 1052 quo
860 969 895 1033 in
923 968 1107 1053 Aesculapii
1135 968 1232 1033 sacris
1260 967 1436 1053 Epidaurio
1459 967 1511 1032 vel

203 1067 349 1132 Romano
382 1068 583 1132 curationum
615 1067 744 1132 tabulae
779 1063 1068 1153 exponebantm¹):
1102 1066 1143 1130 ad
1176 1067 1358 1152 augendum
1388 1065 1511 1130 scilicet

203 1189 373 1230 numerum
396 1189 515 1249 eorum,
540 1167 595 1250 qui
618 1189 675 1249 per
693 1187 841 1230 somnum
861 1166 1058 1230 curationem
1076 1168 1230 1248 peterent.
1272 1162 1359 1239 Quae
1376 1185 1427 1227 res
1446 1164 1509 1226 iam

205 1287 274 1328 eam
297 1264 337 1327 ab
362 1286 489 1328 causam
508 1263 694 1348 probabilis,
718 1263 793 1346 quia
812 1263 954 1327 diversae
973 1262 1201 1328 miraculorum
1221 1262 1317 1326 series
1335 1261 1429 1325 nobis
1449 1264 1511 1323 tra

205 1363 337 1447 duntur3
352 1365 417 1427 tres
433 1363 563 1427 exhibet
579 1361 853 1447 Wangnereclrius
873 1384 889 1424 e
909 1361 1018 1426 codice
1032 1360 1190 1425 Vaticano
1205 1360 1307 1423 editas
1321 1383 1351 1442 p.
1366 1359 1431 1422 302
1442 1381 1509 1442 sqq.

204 1460 269 1525 452
278 1483 346 1544 sqq.
369 1459 523 1544 518sqq,
548 1482 683 1544 quarum
711 1459 826 1542 cuique
849 1459 960 1523 brevia
987 1459 1025 1523 de
1049 1461 1232 1523 sanctorum
1255 1458 1401 1542 potentia
1422 1479 1511 1540 prae

206 1559 323 1622 cedunt
346 1559 518 1642 prooemia.
555 1559 653 1622 Plura
677 1560 800 1622 exstare
823 1561 950 1640 praeter
972 1580 1017 1639 ea,
1041 1578 1122 1641 quae
1144 1555 1236 1621 Actis
1260 1560 1443 1622 sanctorum
1465 1557 1512 1619 in-

206 1660 297 1739 sunt,
328 1657 428 1720 codex
450 1655 710 1721 Vindobonensis
738 1656 949 1738 demonstrat,
977 1656 1016 1720 cf.
1039 1679 1069 1738 p.
1088 1656 1140 1737 69,
1155 1657 1185 1719 2.
1229 1653 1296 1719 Ubi
1324 1654 1356 1717 id
1384 1676 1511 1738 quoque

205 1753 442 1836 attendendum,
466 1755 552 1838 quod
575 1753 729 1819 miracula
753 1753 787 1818 in
809 1754 871 1818 hoc
895 1754 1003 1818 codice
1027 1757 1152 1818 servata
1169 1753 1288 1836 partim
1311 1752 1351 1815 ad
1374 1751 1511 1835 primam

204 1851 322 1934 partim
346 1851 386 1914 ad
409 1852 542 1916 alteram
565 1851 715 1917 Vaticani
739 1851 856 1917 codicis
880 1852 994 1916 seriem
1017 1851 1193 1934 pertinent:
1217 1873 1281 1934 qua
1303 1873 1341 1914 ex
1364 1872 1398 1913 re
1417 1872 1512 1932 appa-

204 1953 261 2032 ret,
285 1951 446 2034 quomodo
470 1951 548 2015 haec
571 1951 762 2016 documenta
784 1951 869 2014 inter
892 1973 925 2014 se
949 1950 1194 2014 confundantur.
1230 1947 1306 2032 Ipsa
1328 1970 1402 2012 vero
1426 1947 1512 2010 litte-

204 2071 311 2112 rarum
336 2047 463 2112 illarum
490 2052 605 2112 natura
628 2052 723 2133 atque
747 2048 870 2114 indoles
895 2049 992 2112 etiam
1015 2048 1117 2132 magis
1141 2046 1299 2128 clarescit,
1327 2068 1399 2111 cum
1429 2044 1511 2130 legis

206 2168 286 2229 quae
315 2146 348 2209 in
378 2146 442 2210 fine
466 2146 612 2210 miraculi
636 2147 741 2230 quinti
769 2171 799 2230 p.
819 2147 884 2211 334
913 2149 1052 2211 exstant:
1075 2146 1304 2229 μανθάνοντες
1330 2146 1458 2225 τοίνυν,
1485 2139 1511 2207 ὦ

207 2246 428 2329 φιλόχριστοι,
451 2244 533 2329 ἅπερ
556 2244 751 2328 ἠπίστασθε,
773 2242 860 2309 τοῦτ’
890 2247 981 2308 ἔστιν
1003 2245 1061 2319 τὰς
1088 2254 1154 2307 τῶν
1181 2242 1286 2324 ἁγίων
1313 2243 1431 2325 Κοσμᾶ
1457 2239 1512 2304 καὶ

207 2347 384 2425 Λαμιανοῦ
413 2340 614 2426 εὐεργεσίας,
643 2334 691 2406 ὧν
719 2343 755 2406 οἱ
782 2344 933 2419 πλείονες
964 2340 1001 2406 ἐν
1028 2340 1209 2406 ἀπολαύσει
1239 2342 1437 2423 γεγόναμεν,
1463 2338 1511 2422 μὴ

298 2611 322 2676 1)
343 2607 423 2672 Quod
441 2606 471 2660 in
489 2607 644 2676 Asclepieis
662 2606 720 2660 fere
739 2607 845 2662 facturn
864 2624 925 2661 esse
943 2605 1039 2660 videas
1059 2624 1074 2661 e
1092 2605 1227 2661 Passione
1246 2625 1282 2662 ss.
1303 2607 1442 2672 Quattuor
1461 2605 1512 2660 Co-

207 2689 376 2755 ronatorum‚
396 2687 446 2740 ubi
465 2688 499 2741 de
519 2687 695 2741 Diocletiano
714 2687 882 2757 imperatore
902 2686 1033 2740 dicuntur
1047 2687 1129 2740 haec:
1148 2693 1193 2753 „et
1205 2688 1298 2741 statim
1313 2689 1394 2741 iussit
1412 2688 1443 2740 ia
1461 2693 1511 2740 ter-

206 2785 265 2821 mas
286 2769 425 2822 Troianos
443 2770 571 2836 irreptum
588 2768 711 2836 Asclepii
729 2767 871 2836 aedificari
889 2774 914 2821 et
929 2769 1107 2822 stoicicorum
1120 2769 1182 2834 [ieri
1195 2785 1228 2821 ex
1243 2768 1335 2836 lapide
1346 2768 1511 2836 proconisso.

207 2848 279 2916 qaod
297 2865 358 2902 cum
376 2849 480 2914 factum
497 2849 605 2914 scisset,
623 2851 761 2916 praecepit
778 2865 886 2903 omnes
904 2865 1003 2902 curas
1026 2849 1063 2902 ie
1085 2849 1193 2902 eedem
1216 2850 1336 2917 templo
1358 2849 1394 2901 ic
1414 2865 1512 2917 prae-

207 2929 327 2982 conica
344 2927 373 2995 (i.
389 2943 412 2980 e.
429 2927 553 2980 ‘tabulas
568 2927 680 2996 publice
699 2945 716 2979 a
734 2943 870 2996 praecone
889 2928 1088 2996 praepositas,
1108 2927 1142 2980 de
1155 2927 1249 2998 Rossi)
1268 2946 1366 2983 aeaeae
1389 2946 1450 2983 cans
1468 2947 1512 2983 ca-

209 3008 360 3062 racteribus
378 3008 485 3078 iafipi“,
505 3006 762 3076 Sitzungsberichte
782 3006 830 3060 der
849 3007 921 3060 Berl.
941 3007 1032 3060 Akad.
1053 3006 1102 3060 der
1120 3007 1204 3061 Wiss.
1222 3013 1290 3062 1896
1305 3008 1453 3078 phil-hist.
1468 3009 1511 3061 Kl.

209 3108 235 3158 p.
254 3093 384 3141 1302.'-
403 3088 445 3142 De
464 3086 578 3141 iamatis
596 3087 757 3156 Epidauriis
776 3087 867 3141 habeo
888 3088 965 3154 quod
979 3088 1095 3142 addam:
1115 3088 1191 3157 apud
1205 3088 1376 3142 Cavvadiam
1390 3087 1512 3142 Fouilles

209 3155 379 3238 d'llpidaure
398 3187 424 3237 p.
440 3173 473 3221 82
494 3168 545 3221 sub
564 3186 640 3220 num.
657 3174 698 3221 3ο
716 3167 907 3236 inscriptionis
922 3166 1064 3222 invenitur
1077 3168 1275 3237 fragmentum,
1295 3168 1373 3222 cuius
1387 3185 1444 3222 non
1457 3168 1512 3220 nisi

207 3267 337 3304 versuum
354 3247 439 3302 initia
458 3250 523 3302 sunt
542 3250 661 3319 servata,
697 3247 824 3302 Adnotat
842 3246 996 3301 Oavvadias
1015 3248 1081 3302 hoe:
1101 3249 1195 3315 „Petit
1211 3251 1350 3320 fraprnent
1367 3249 1400 3303 de
1411 3250 1512 3318 pioque

207 3347 240 3383 eu
255 3331 346 3397 pierre
364 3328 481 3382 retroire
504 3331 597 3383 treaoe'
620 3346 658 3382 αα
676 3327 758 3382 cume
776 3328 884 3383 endroit
906 3346 956 3397 pue
975 3330 1011 3382 les
1033 3329 1212 3397 inscriptions
1235 3330 1278 3383 No
1296 3335 1322 3397 1,
1340 3334 1360 3384 2
1378 3334 1403 3382 et
1420 3333 1445 3383 3.
1483 3330 1514 3382 Il

208 3409 334 3477 praeierat
352 3407 433 3461 d’eae
452 3407 497 3464 dea
515 3409 591 3462 sities
610 3409 656 3462 des
673 3408 830 3477 quiriacam
848 3409 919 3462 mais
937 3410 959 3462 il
981 3411 1170 3478 a’appcrte'eat
1183 3426 1238 3476 pas
1261 3412 1279 3465 d
1297 3410 1373 3464 celles
1395 3410 1442 3462 des
1460 3409 1513 3461 Νω

208 3492 305 3541 1et2
326 3489 358 3540 ci
381 3487 462 3542 mima
485 3506 522 3543 αα
544 3489 682 3558 frapmeci
700 3488 741 3541 N⁰
764 3491 795 3553 3,
817 3504 917 3542 οονινιο
935 3505 1039 3557 precra
1062 3490 1220 3558 l'e'pcissear
1243 3489 1275 3544 de
1299 3490 1328 3544 lo
1347 3491 1445 3557 pierre.
1483 3489 1513 3541 Il

208 3569 367 3636 appartient
385 3568 403 3620 d
420 3584 474 3621 cae
493 3569 641 3638 quatrieme
660 3568 692 3621 de
709 3585 750 3622 ces
768 3568 871 3622 stiles.“
907 3568 1000 3623 Primo
1019 3569 1120 3624 obtutu
1144 3568 1334 3639 desperaveris
1358 3567 1513 3635 quidquam

208 3664 242 3701 ex
260 3645 304 3699 his
318 3646 410 3700 ruinis
425 3647 485 3700 erui
499 3663 594 3717 posee;
613 3647 718 3701 nullius
733 3646 807 3702 enim
820 3664 915 3701 versus
928 3648 992 3717 plus
1007 3667 1092 3717 quam
1102 3666 1150 3703 sex
1165 3651 1294 3703 servatae
1310 3650 1375 3701 sunt
1388 3647 1510 3702 litterae.

208 3727 313 3781 Tamen
334 3743 405 3794 quae
424 3745 448 3780 v.
463 3732 480 3779 4
499 3729 612 3782 exstant
630 3727 716 3782 verba
731 3729 811 3800 [τ]ῶν
829 3729 997 3802 δαατ[ύλων]
1017 3729 1088 3782 mihi
1106 3729 1273 3782 miraculum
1292 3728 1443 3797 quoddam,
1462 3727 1511 3781 ubi

208 3808 242 3861 de
267 3807 364 3876 digitis
390 3807 492 3878 agitur,
516 3808 547 3860 in
568 3811 692 3862 mentem
710 3812 912 3863 revocaverunt
929 3810 1066 3879 (59111B.
1082 3837 1116 3855 =
1135 3817 1158 3876 1,
1173 3816 1207 3862 22
1218 3827 1258 3876 sq.
1273 3807 1321 3878 0.).
1360 3808 1444 3873 Quod
1462 3807 1512 3860 ubi

208 3888 366 3942 accuratius
386 3905 448 3941 cum
466 3887 624 3958 fragmento
644 3894 684 3942 3o
704 3889 875 3958 comparavi,
895 3893 1006 3959 praeter
1025 3889 1189 3959 opinionem
1211 3889 1321 3943 litteras
1345 3887 1404 3942 eius
1427 3888 1512 3957 plane

209 3986 271 4021 cum
290 3967 325 4022 iis
345 3966 502 4022 consentire
521 3968 646 4038 cognovi,
667 3968 804 4037 aquibus
823 3969 853 4022 in
871 3969 965 4039 priore
983 3969 1083 4023 tabule
1105 3986 1210 4039 magna
1232 3986 1326 4023 versus
1347 3974 1450 4023 13-32
1469 3968 1510 4021 in-

208 4047 318 4114 cipiunt
339 4047 432 4116 (modo
455 4067 479 4103 v.
501 4054 534 4102 10
554 4052 573 4103 Κ
596 4067 646 4118 pro
672 4053 690 4103 Ρ
715 4049 786 4104 false
809 4049 926 4119 legitur,
946 4069 970 4104 v.
991 4055 1022 4102 11
1047 4052 1069 4103 Λ
1092 4066 1142 4118 pro
1161 4053 1195 4118 A,
1218 4069 1241 4104 v.
1263 4055 1295 4103 18
1320 4049 1333 4102 Ι
1357 4066 1407 4119 pro
1425 4050 1509 4121 l'[l]).

210 4126 410 4180 Adnotandum
428 4131 574 4197 praeterea
592 4129 621 4182 in
645 4129 803 4200 fragmento
827 4131 856 4184 et
878 4130 907 4182 in
931 4129 1114 4198 inscriptione
1137 4146 1241 4200 magna
1263 4146 1375 4199 prorsus
1398 4129 1511 4183 easdem

210 4208 306 4262 deesse
324 4206 442 4262 litteras.
475 4208 656 4263 Fraenkelius
676 4209 891 4279 inscriptionum
905 4209 1204 4278 Peloponnesiacarum
1218 4210 1309 4265 editor
1322 4210 1510 4280 fragmentum

209 4293 250 4340 3ο
267 4286 404 4355 Epidauri
422 4287 546 4342 invenire
564 4307 620 4342 non
637 4288 737 4359 potuit.
771 4291 826 4343 Res
845 4306 918 4358 quae
934 4289 1085 4343 videbatur
1103 4291 1227 4344 difficilis
1241 4291 1324 4345 facile
1339 4289 1509 4359 explicatur:

208 4366 355 4436 inscriptio
376 4372 389 4419 1
410 4382 425 4419 e
443 4383 542 4422 novem
561 4369 715 4438 composita
733 4372 777 4423 est
793 4369 931 4439 partibus,
951 4384 966 4423 e
985 4370 1087 4437 quibus
1110 4387 1167 4424 una
1181 4389 1244 4424 cum
1257 4370 1415 4439 fragmento
1430 4384 1511 4421 accu-

208 4447 348 4502 ratissime
368 4446 505 4517 congruit,
525 4465 597 4516 quae
615 4465 659 4502 res
678 4466 693 4504 e
708 4449 867 4504 Fraenkelii
882 4452 982 4520 ectypo
1002 4450 1100 4504 statim
1119 4451 1215 4505 eluxit.
1243 4451 1321 4503 Haec
1339 4448 1428 4518 igitur
1445 4464 1509 4516 pars

208 4543 331 4582 seorsum
351 4527 492 4594 quondam
511 4528 660 4598 descripta,
679 4530 709 4582 id
728 4531 803 4599 quod
821 4529 1004 4584 Fraeulrelius
1028 4533 1128 4600 ectypo
1156 4530 1279 4585 nondum
1302 4528 1428 4597 inspecto
1446 4545 1509 4597 pro-

207 4607 283 4661 tinus
303 4606 437 4674 coniecit,
461 4624 478 4660 a
501 4607 642 4662 Cavvadia
664 4609 858 4664 Baunaclrium
881 4612 977 4664 secuto
1000 4609 1102 4664 iterum
1125 4611 1203 4667 edita
1225 4612 1275 4664 est.
1316 4609 1415 4677 Itaque
1433 4608 1509 4677 frag-

209 4691 334 4742 mentum
352 4693 393 4742 3α
412 4690 455 4742 est
474 4687 638 4744 eiciendum.
