3550 5317
663 341 704 395 Dc
723 339 905 394 incubatione
924 339 1086 393 christiana.
1483 340 1524 404 91

223 509 287 572 Vix
312 507 414 571 sancti
437 529 510 570 eum
534 504 697 570 inlocum
720 507 942 589 pervenerant,
970 526 1044 569 cum
1071 504 1275 569 daemonium
1297 507 1435 568 taetrum
1459 504 1527 568 sine

222 606 289 670 ulla
311 627 421 691 pugna
445 605 479 669 in
503 625 611 670 orcum
635 604 842 689 fugaverunt:
867 601 1014 667 ἐνταῦθα
1037 604 1101 688 γάρ
1125 601 1282 678 ἐλθόντες
1307 603 1342 666 ol
1362 603 1450 684 άγιοι
1472 600 1528 666 καὶ

222 715 292 780 τοῖς
311 705 556 787 εύαγγελισταῑς
574 705 748 786 γενόμενοι
767 702 928 783 σύσκηνοι
947 697 1159 785 πρῶτονμὲν
1178 699 1210 778 ἐξ
1230 699 1330 784 αὐτῆς
1349 699 1453 775 εὐθὺς
1471 708 1528 782 τῆς

223 803 270 880 εἰς
288 803 347 867 τὸν
367 801 457 888 ίερὸν
476 809 596 866 τοῦτον
615 801 717 883 σηκὸν
736 797 917 882 ἐπιβάσεως
935 800 983 874 είς
1001 799 1114 882 φυγὴν
1132 799 1169 862 τὸ
1189 799 1364 881 δαιμόνιον
1387 799 1529 881 ἔτρεψαν

223 903 270 977 είς
293 900 457 986 τάρταρον
476 899 511 964 ἐκ
529 907 589 982 γῆς
612 896 824 976 ἐπιδιώξαντες
844 894 1005 982 salam
1021 896 1169 961 78=M.
1189 892 1322 960 3416A.
1357 893 1528 958 Daemonii

223 997 363 1062 ministri
396 997 514 1081 quique
546 997 613 1061 eius
646 997 814 1080 phasmata
845 995 988 1058 venerati
1020 998 1109 1058 erant
1139 995 1179 1058 ad
1213 1016 1329 1058 novam
1360 997 1392 1057 et
1421 1015 1529 1057 veram

224 1096 320 1159 fidem
343 1098 580 1178 convertuntur,
604 1116 729 1158 sacrum
752 1093 974 1158 foedissimum
999 1092 1058 1157 sub
1082 1096 1200 1156 terram
1217 1094 1400 1156 removetur
1422 1112 1530 1154 arena-

225 1214 285 1275 que
310 1193 485 1278 obtegitur:
509 1194 546 1256 τὸ
577 1192 743 1277 βδελυρὸν
773 1191 878 1256 ἐκεῖνο
907 1200 967 1256 τοῦ
995 1193 1153 1276 δαίμονος
1175 1188 1324 1274 τέμενος,
1355 1189 1391 1254 ἐν
1418 1181 1446 1275 ᾦ
1472 1190 1530 1264 τάς

224 1293 358 1370 ψευδεῖς
381 1290 606 1375 φαντασίαςὸ
635 1288 797 1376 δραπέτης
824 1290 989 1375 εἰργάζετο
1013 1338 1020 1353 .
1045 1340 1051 1353 .
1076 1340 1082 1353 .
1106 1286 1160 1352 καὶ
1189 1289 1227 1352 τὸ
1257 1289 1531 1371 γυναικόμορφον

224 1390 336 1455 ἵστατο
360 1388 490 1474 ξόανον,
513 1392 657 1474 παραλία
679 1388 801 1474 ψάμμῳ
824 1386 1014 1470 κατέχωσαν
1038 1385 1093 1451 καὶ
1118 1438 1124 1451 .
1149 1438 1155 1450 .
1180 1438 1187 1450 .
1210 1387 1275 1452 ὑπὸ
1303 1388 1412 1470 χθόνα
1439 1382 1530 1448 κατέ-

144 1509 148 1516 ·
225 1498 359 1572 κρυψαν
393 1485 445 1569 Sp.
474 1485 512 1550 R.
538 1484 650 1550 11180
673 1516 715 1537 =
739 1485 782 1550 M.
802 1485 937 1550 341613.
992 1482 1065 1568 Ipse
1098 1484 1234 1568 denique
1265 1483 1369 1568 viena,
1401 1483 1435 1546 in
1467 1504 1529 1564 quo

225 1584 390 1650 colebatur
408 1585 620 1667 daemonium,
639 1581 764 1648 deletur
782 1588 961 1668 martyrum
979 1585 1074 1647 nutu:
1098 1585 1281 1666 enodavero
1305 1581 1323 1648 ὁ
1347 1590 1407 1647 τοῦ
1431 1583 1531 1646 δυσα-

225 1690 306 1765 γοῦς
336 1682 440 1746 αὐτοῦ
468 1684 629 1765 κτήματος
648 1683 816 1768 ὄλεθρος,
846 1682 864 1746 ὃ
897 1690 955 1764 τῆς
982 1683 1140 1765 δαίμονος
1171 1682 1319 1767 ὑπῆρχεν
1346 1679 1532 1762 ἐπώνυμον,

226 1778 281 1844 καὶ
300 1790 367 1844 τῶν
385 1791 545 1866 μυσαρῶν
564 1779 664 1864 αὐτῆς
682 1786 822 1845 τελετῶν
840 1781 962 1867 μιαρὸν
977 1779 1183 1864 ἐνδιαίτημα·
1201 1789 1299 1845 τοῦτο
1318 1779 1382 1864 γάρ
1400 1778 1532 1861 ψάμμος

225 1876 279 1943 καὶ
302 1879 451 1943 θάλαττα
473 1879 651 1964 μαρτύρων
674 1878 866 1965 ἐμερίσαντο
891 1879 1028 1963 νεύματι
1052 1876 1105 1962 Sp.
1127 1874 1531 1942 R.⁷11181=M.341aa.

225 1975 388 2040 Daemone
413 1975 545 2060 depulso
574 1998 643 2040 cum
675 1981 852 2061 martyrum
880 1975 1043 2041 miraculis
1074 1974 1297 2040 inclaresceret
1323 1974 1427 2057 locus,
1457 1996 1532 2039 mox

226 2074 375 2138 omnibus
395 2097 434 2138 ex
452 2074 598 2158 partibus
613 2074 725 2139 mundi
740 2077 779 2139 ad
799 2075 1002 2140 salutiferum
1024 2097 1133 2139 eorum
1152 2074 1311 2160 templum
1330 2072 1533 2138 confluebant

224 2172 371 2236 homines
394 2172 456 2236 Dei
480 2177 727 2256 sanctorumque
749 2173 912 2237 laudaturi
934 2169 1155 2258 potentiaml).

315 2270 454 2334 Maxime
485 2293 559 2335 sane
587 2265 696 2334 floruit
724 2270 800 2357 Gyri
824 2275 855 2335 et
878 2270 1008 2336 Ioannis
1032 2292 1170 2335 sacrum:
1194 2272 1264 2356 ipsa
1289 2268 1443 2334 miracula
1465 2291 1534 2352 pcr-

226 2367 328 2431 multa
359 2369 455 2432 huius
487 2369 533 2432 rei
565 2368 719 2452 praebent
747 2369 941 2433 testimonia.
987 2368 1163 2433 Multitudo
1194 2372 1398 2454 aegrotorum
1433 2367 1533 2431 servis

226 2467 352 2551 saepius
371 2466 530 2531 adiunctis
537 2463 563 2552 ²)
583 2465 735 2532 continuo
755 2471 939 2532 sanctorum
958 2467 1129 2552 expetebat
1147 2464 1350 2554 auxilium),
1373 2466 1533 2530 interdum

225 2648 378 2712 κιακίγυκκ
399 2644 546 2713 9111111111
569 2644 706 2698 ecelesiam
729 2644 837 2699 edidit
859 2646 891 2698 ι“κ
914 2646 971 2700 loco
994 2645 1042 2713 qai
1071 2644 1228 2713 appellabar
1250 2644 1392 2700 Meaatbis
1411 2687 1416 2696 .
1438 2688 1443 2698 .
1465 2683 1485 2710 .,
1503 2651 1535 2698 at

224 2740 273 2790 per
300 2724 397 2778 1111111
424 2729 580 2778 serratorum
603 2723 758 2790 άααυοκεε,
785 2725 834 2794 ηιιι1
856 2726 915 2780 illic
935 2725 1111 2792 babitabant,
1133 2725 1329 2794 cffaaareatwr.
1349 2730 1427 2793 post
1457 2724 1535 2778 11111

227 2809 316 2858 autem
331 2804 531 2872 peccatam
554 2821 656 2874 maaca
679 2809 787 2859 caterva
812 2806 1007 2860 ταθωῑίσονιικι
1031 2805 1174 2873 avemque
1196 2804 1290 2858 eadem
1311 2805 1455 2873 praedicta
1477 2821 1533 2859 cor-

222 2899 295 2950 pora
319 2884 351 2936 ίκ
375 2883 468 2937 eadem
493 2883 608 2938 basilica
633 2884 800 2939 collocavit.“
835 2884 935 2953 Itaque
962 2884 1009 2938 1111
1033 2883 1155 2954 primum
1183 2883 1302 2938 11111111
1325 2883 1470 2939 aedificari
1498 2884 1534 2938 ab

226 2962 328 3033 angelo
346 2962 406 3016 viso
424 2961 546 3032 iubetur,
565 2965 625 3016 tum
645 2963 757 3017 demum
780 2963 900 3018 ecclesia
918 2982 936 3018 a
954 2963 1059 3034 Cyrillo
1079 2966 1222 3019 exstructa
1240 2967 1396 3034 martyrum
1418 2981 1534 3034 corpora

226 3058 260 3096 cx
278 3041 451 3096 Alexandria
468 3041 682 3096 transferuntur.

316 3124 341 3191 1)
361 3121 505 3187 Quomodo
529 3125 666 3192 martyres
690 3123 725 3176 de
749 3123 898 3178 daemonio
921 3124 971 3180 illo
999 3125 1249 3194 triumphaverint,
1279 3125 1384 3195 optime
1408 3125 1480 3195 legis
1504 3125 1535 3178 in

224 3201 285 3256 vita
304 3202 440 3271 acephala
464 3202 510 3272 sp.
530 3202 562 3256 R.
582 3202 621 3255 IV
640 3208 691 3256 247
703 3221 742 3271 sq.
759 3231 792 3250 =
806 3204 843 3258 M.
859 3210 929 3259 3696
940 3205 1010 3261 Rc:
1035 3205 1112 3260 οὔπω
1141 3205 1172 3260 δὲ
1196 3206 1295 3277 σχεδὸν
1317 3211 1355 3278 τῷ
1378 3205 1454 3279 τόπῳ
1473 3204 1535 3260 ἐπέ-

226 3299 328 3351 στησαν
355 3282 382 3336 ot
404 3291 530 3351 γενναῖοι
553 3291 603 3336 τοῦ
625 3287 746 3352 Χριστοῦ
770 3294 935 3352 στρατιῶται
958 3291 1052 3354 Κῦρος
1074 3288 1123 3340 καὶ
1142 3284 1290 3356 Ἰωάννης,
1318 3288 1367 3340 καὶ
1391 3285 1463 3340 κατὰ
1485 3295 1535 3341 τοῦ

226 3362 312 3416 ἐκεῖσε
332 3361 540 3431 ἐμφωλεύοντες
563 3362 757 3432 πονηροτάτου
782 3362 918 3433 δαίμονος
940 3364 1095 3435 ἀνεγείρειν
1118 3365 1237 3434 ἤρξαντο
1260 3366 1395 3435 τρόπαια
1418 3368 1536 3430 πολλοὺς

225 3441 278 3511 γὰρ
298 3444 503 3510 δαιμονιῶντας
521 3444 569 3496 καὶ
588 3441 737 3506 ἀσθενίαις
756 3443 852 3508 άλλαις
869 3445 1093 3514 κεκρατημένους
1110 3446 1141 3502 ἐν
1167 3451 1205 3520 τῷ
1227 3447 1279 3516 τὴν
1302 3445 1458 3501 κατάθεσιν
1480 3455 1535 3500 τῶν

226 3518 314 3591 ἁγίων
339 3520 482 3590 λειψάνων
506 3520 637 3591 γίνεσθαι
656 3521 860 3592 ἐθεράπευσαν.
880 3525 929 3579 καὶ
948 3526 1050 3590 αὐτοὺς
1075 3524 1106 3580 δὲ
1134 3527 1199 3588 τοὺς
1225 3527 1308 3594 ἱερεῖς
1330 3535 1380 3580 τοῦ
1404 3523 1536 3594 ὀλεθρίου

226 3599 361 3669 δαίμονος
378 3609 427 3671 τῆς
446 3611 567 3672 ψυχικῆς
584 3602 692 3673 πλάνης
710 3602 840 3674 ἰάσαντο,
860 3605 928 3660 ὥστε
946 3605 1078 3675 παραυτὰ
1097 3610 1264 3674 προσελθεῖν
1288 3607 1390 3669 αὐτοὺς
1407 3610 1445 3677 τῷ
1463 3603 1534 3678 ἁγίῳ

225 3680 431 3754 ἀρχιεπισκόπιμ
450 3679 576 3755 Κυρίλλῳ
594 3685 698 3756 καὶτῷ
716 3686 821 3756 λουτρῷ
844 3695 893 3755 τῆς
915 3685 1028 3757 χάριτος
1051 3696 1100 3742 τοῦ
1124 3684 1206 3756 ἁγίου
1232 3684 1421 3757 βαπτίσματος
1443 3689 1535 3739 καθα-

225 3761 531 3831 γνισθῆναικαὶαύτὸ
551 3761 631 3818 δὲτὸ
657 3763 732 3832 ἱερὸν
755 3767 858 3832 μᾶλλον
882 3763 913 3821 δὲ
937 3767 1073 3838 μιαρδνβ)
1096 3775 1146 3822 τοῦ
1171 3763 1303 3835 ὀλεθρίου
1326 3765 1462 3834 δαίμονος
1484 3767 1534 3821 σὺν

223 3846 261 3914 τῷ
290 3841 321 3896 ἐν
339 3842 413 3914 abaci
433 3841 571 3911 ἀγάλματι
596 3845 645 3897 καὶ
670 3849 708 3916 τῷ
734 3847 815 3918 βωμῷ
835 3845 945 3916 ἀφανὲς
969 3851 1197 3916 κατασταθῆναι·
1224 3845 1241 3915 ἡ
1267 3845 1320 3915 γὰρ
1344 3843 1535 3915 παρακειμένη

225 3921 346 3990 ψάμμος,
365 3923 398 3976 ού
413 3922 468 3992 μὴν
482 3923 551 3976 ἀλλά
566 3923 646 3993 καὶὴ
664 3923 795 3979 θάλασσα
813 3934 847 3998 τῇ
866 3925 992 4002 ἐνεργείᾳ
1010 3937 1065 3982 τῶν
1084 3924 1172 3996 ἁγίων
1190 3926 1338 3995 μαρτύρων
1351 3935 1433 3982 τοῦτο
1452 3925 1535 3995 ἐπόρ-

225 4005 319 4070 θησαν
338 4004 387 4056 not
405 4002 515 4073 ἀφανὲς
534 4001 678 4074 ἐποίησαν,
697 4004 715 4074 ἡ
733 4004 784 4074 μὲν
799 4006 991 4075 ἐπικλύζουσα,
1009 4006 1027 4075 ί]
1047 4005 1078 4060 δὲ
1092 4008 1290 4076 καταχώσασα
1310 4007 1347 4070 ὡς
1366 4006 1472 4075 άδηλον
1485 4006 1535 4062 τὸν

225 4081 312 4136 τόπον
335 4081 516 4140 παντάπασιν
540 4083 678 4155 γίνεσθαι,
706 4086 826 4156 τοσαύτη
856 4085 887 4141 δὲ
915 4087 996 4158 χάρις
1023 4087 1087 4141 ἀντὶ
1113 4095 1163 4156 τῆς
1185 4087 1252 4154 πρὶν
1278 4086 1388 4157 ἀπάτης
1412 4086 1462 4141 διὰ
1486 4095 1535 4156 τῆς

227 4159 387 4226 ἐπιστασίας
404 4173 460 4219 τῶν
479 4162 566 4233 ἁγίων
585 4166 733 4234 μαρτύρων
752 4166 927 4236 ἐπήνθησεν,
950 4168 988 4230 ἁς
1010 4166 1041 4220 ἐκ
1059 4166 1188 4235 περάτων
1210 4176 1260 4238 τῆς
1278 4166 1443 4237 οἰκουμένης
1465 4166 1535 4234 πρὸς

225 4242 257 4298 τὸ
279 4250 330 4296 τοῦ
356 4243 452 4310 Κύρου
475 4245 524 4297 καὶ
541 4243 678 4300 Ἵωάννον
702 4245 847 4314 εύκτήριον
869 4248 936 4310 τοὺς
959 4247 1090 4310 ἀσθενεῖς
1112 4245 1328 4317 κατεπείγεσθαι
1354 4249 1403 4301 καὶ
1426 4245 1536 4309 πάντας

225 4324 291 4386 τοὺς
308 4319 396 4377 πίστει
415 4322 635 4394 προστρέχοντας
653 4325 869 4398 ἀντιλαμβάνειν
888 4332 946 4383 τῶν
964 4326 1141 4397 παθημάτων
1159 4337 1211 4398 τῆν
1230 4327 1314 4382 ἴασιν.

315 4404 342 4473 2)
361 4401 468 4458 οἰκέται
491 4409 742 4461 commemorantur
766 4408 941 4476 3131111).
974 4417 1042 4472 παῖς
1068 4406 1106 4462 ib.
1137 4409 1255 4475 aarum
1280 4406 1451 4476 3135181)
1475 4405 1535 4476 (qui

224 4484 302 4538 idem
320 4482 432 4539 videtur
451 4500 511 4539 esse
531 4487 615 4554 atque
633 4485 780 4557 ὑπηρέτης,
800 4488 834 4541 (11
854 4505 910 4557 quo
928 4488 985 4557 ib).
1006 4488 1140 4558 νεύμασιν
1159 4488 1274 4544 ἅπαντα
1288 4488 1337 4540 καὶ
1355 4483 1536 4556 ψελλίσμασιν

223 4573 283 4628 τοῖς
296 4563 589 4635 διακονουμένοις
604 4567 677 4639 αύτῷ
693 4567 862 4637 διεσάφησεν
876 4567 914 4622 ib.
944 4567 997 4633 Qui
1011 4586 1068 4623 non
1081 4567 1181 4637 templi
1190 4567 1323 4621 videntur
1332 4583 1394 4620 esse
1402 4565 1534 4635 ministri,

225 4644 328 4715 quippe
347 4645 450 4714 quibua
469 4645 543 4700 adici
563 4649 653 4700 soleat
671 4644 798 4720 1111111115
817 4653 871 4721 νεῷ
890 4648 935 4703 111
953 4647 1066 4718 similia,
1085 4649 1120 4703 cf.
1136 4666 1162 4717 p.
1179 4653 1223 4714 93,
1234 4652 1257 4700 7.

314 4727 340 4796 3)
359 4735 414 4781 τῶν
435 4770 440 4781 .
462 4771 467 4781 .
490 4771 494 4780 .
515 4724 723 4796 κατακειμένων
742 4727 873 4784 ἀσθενῶν
891 4728 923 4784 τὸ
942 4733 1052 4800 πλῆθος
1070 4733 1095 4798 9,
1111 4733 1180 4782 3445
1190 4728 1222 4781 Α.
