3550 5317
267 312 311 377 44
845 312 936 381 Caput
951 312 984 365 Π.

270 476 461 541 Hemithcae
485 458 616 539 Castabi
640 475 802 539 libabatur
825 472 1065 561 μελίκρατουῙ).

337 616 379 669 De
397 613 549 686 μελικράτῳ
567 614 597 667 111
617 615 693 669 cultu
711 614 832 668 inferum
850 634 875 668 v.
895 615 1011 683 Stengel
1030 613 1076 668 Gr.
1095 613 1262 668 Kultusalt.²
1280 631 1307 682 p.
1324 619 1383 681 111,
1402 614 1432 667 in
1451 616 1572 668 mortuo-

338 714 399 748 rum
425 695 501 749 cultu
531 695 568 749 ib.
593 713 620 763 p.
642 701 700 750 132.
733 695 767 749 cf.
795 696 830 749 de
854 691 1004 763 νηῳαλλοις
1028 713 1055 763 p.
1079 699 1119 749 17.
1146 692 1272 762 ἄλφιτα
1297 711 1360 746 cum
1385 693 1572 766 μελικράτῳ

338 774 515 843 praebebant
528 775 656 828 draconti
675 792 753 829 sacro
768 774 911 828 Melitensi
929 773 1199 842 (ἀναδεύσαντεςΙ
1218 771 1379 845 μελικράτῳ)
1399 773 1458 827 Ael.
1477 774 1505 827 h.
1527 791 1571 828 an.

339 855 377 907 XI
396 860 438 908 17.
471 853 505 908 cf.
525 854 602 907 XVII
622 860 645 909 5.
666 853 700 909 cf.
720 854 809 909 Wess.
829 854 875 909 Gr.
895 853 946 908 ZP.
962 859 1005 920 96,
1024 860 1158 922 3003sq.:
1187 853 1257 907 ἑπτά
1271 852 1322 922 μὲν
1336 862 1427 922 πυροῦ
1444 852 1572 922 κόκκους,

338 936 403 998 τοῖς
422 932 453 989 δὲ
472 933 549 998 ἴσους
567 938 692 1005 κριθῆς
710 934 816 1004 μέλιτι
836 934 1021 997 δεώσαντες
1038 932 1172 1005 ἐυέβαλου
1190 937 1245 988 κτλ.

356 1188 466 1251 Liceat
489 1187 524 1250 in
545 1187 609 1251 fine
633 1185 730 1251 huius
759 1186 874 1269 capitis
903 1184 942 1251 dc
970 1186 1235 1270 inscriptionibus
1263 1185 1460 1271 Maffeianis‚
1492 1208 1572 1269 ques

267 1289 397 1370 vocant,
421 1284 576 1348 nonnulla
598 1285 755 1368 proferre,
779 1284 865 1367 quod
889 1307 952 1368 qua
980 1285 1019 1348 de
1047 1307 1141 1349 causa
1168 1285 1227 1348 fiat
1253 1306 1330 1348 mox
1357 1284 1571 1368 intellegetur.

266 1383 498 1466 Inscriptioncs
512 1382 587 1445 illac
602 1404 737 1446 numero
757 1385 910 1466 quattuor
928 1404 992 1445 una
1010 1382 1043 1445 in
1063 1381 1173 1446 tabula
1192 1382 1380 1447 coniunctae
1399 1383 1433 1446 in
1447 1381 1573 1445 Tiberis

266 1482 372 1545 insula
394 1482 544 1545 inventae
567 1484 651 1564 sunt,
674 1480 730 1543 ubi
754 1480 832 1544 olim
855 1478 1041 1563 Aesculapii
1069 1479 1217 1544 exstabat
1240 1501 1375 1544 sacrum.
1399 1479 1573 1544 Continent

269 1582 422 1662 quattuor
445 1578 627 1643 sanationes
650 1580 685 1642 in
714 1578 770 1643 illo
798 1576 969 1661 Asclepieo
997 1579 1112 1663 factas,
1141 1600 1220 1661 quas
1246 1600 1332 1642 nunc
1359 1578 1455 1661 paulo
1483 1600 1572 1641 accu-

270 1677 372 1740 ratius
396 1677 611 1759 dispiciemus
657 1674 812 1740 Idoneum
836 1676 985 1740 existimo
1009 1676 1151 1762 integras
1175 1698 1229 1740 eas
1253 1674 1473 1763 describeret.

358 1773 382 1838 1.
406 1774 533 1849 Αὐταῖς
555 1784 626 1850 ταῖς
653 1773 789 1859 ἡμέραις
818 1776 907 1862 Γαΐῳ
937 1772 1005 1838 τινὶ
1032 1779 1148 1861 τυφλῷ
1176 1774 1393 1858 ἐχρημάτισεν
1420 1772 1454 1860 (ὁ
1476 1770 1571 1859 θεὸς)

269 1871 383 1937 ἐλθεῖν
407 1866 474 1955 ἐπ[1
498 1871 551 1954 τὸ]
577 1872 667 1954 ἱερὸν
694 1874 782 1954 βῆμα
804 1869 859 1935 καὶ
887 1880 1128 1956 προσκυνῆσαι,
1153 1867 1252 1956 εἶ[τ]α
1280 1870 1344 1935 ἀπὸ
1371 1881 1432 1936 τοῦ
1460 1870 1571 1948 δεξιοῦ

268 1968 383 2033 ἐλθεῖν
406 1966 458 2033 ε’π1
482 1970 519 2033 τὸ
543 1968 719 2052 ἀριστερὸν
741 1967 796 2033 καὶ
824 1976 937 2035 θεῖναι
964 1973 1043 2045 τοὺς
1064 1969 1163 2035 πέντε
1181 1970 1365 2047 δακτύλους
1383 1968 1492 2033 ἐπάνω
1511 1977 1571 2034 τοῦ

268 2069 413 2151 βήματος
445 2063 500 2129 καὶ
528 2060 606 2150 άραι
634 2066 695 2148 τὴν
722 2076 816 2149 χεῖρα
843 2065 897 2131 καλ
929 2066 1096 2133 ἐπιθεῖναι
1120 2066 1173 2133 ἐπὶ
1201 2070 1280 2144 τοὺς
1308 2068 1415 2142 ἰδίους
1442 2065 1572 2150 ὀφθαλ-

267 2165 365 2248 μούς,
387 2162 442 2228 καὶ
466 2163 574 2247 ὀρθὸν
597 2161 757 2245 ἀνέβλεψε
784 2172 844 2229 τοῦ
863 2167 972 2249 δήμου
994 2178 1202 2251 παρεστῶτος
1224 2164 1279 2230 καὶ
1298 2162 1572 2248 σννχαιρομένου,

268 2262 318 2326 ὅτι
343 2264 441 2339 ζῶσαι
465 2259 578 2345 άρεταλ
603 2260 757 2343 ἐγένοντο
781 2260 834 2327 ἐπὶ
856 2272 918 2327 τοῦ
941 2266 1115 2346 Σεβαστοῦ
1138 2262 1233 2348 ἡμῶν
1250 2260 1478 2327 Ἀντώυείυου

353 2358 394 2423 II.
419 2362 554 2445 Λουκίῳ
577 2364 794 2447 πλευρειτικῳῖ
816 2359 871 2425 καλ
890 2360 1128 2447 άῳηλπισμέυῳ
1155 2361 1220 2425 ὑπὸ
1243 2361 1367 2436 παντὸς
1389 2358 1572 2444 ἀνθρώπου

268 2456 505 2541 ἐχρησμάτισευ
534 2457 552 2521 δ
580 2459 660 2533 θεὸς
683 2456 798 2522 ἐλθεῖν
820 2455 875 2522 καλ
905 2458 940 2523 ἐκ
968 2468 1028 2524 τοῦ
1055 2459 1224 2541 τριβώμου
1253 2451 1332 2541 ἆραι
1358 2455 1485 2541 τέῳραυ
1517 2455 1571 2521 καλ

268 2553 335 2639 μετ’
369 2561 464 2620 οῖνον
492 2554 706 2639 οἰναῳυριῖσαι
738 2553 793 2620 καὶ
830 2555 997 2621 ἐπιθεῖναι
1031 2554 1083 2620 ἐπὶ
1121 2555 1158 2619 τὸ
1187 2556 1349 2639 πλευρόν,
1376 2552 1431 2617 καὶ
1460 2552 1571 2636 ἐσώθη

266 2649 320 2716 καλ
345 2655 488 2737 δημοσίᾳ
510 2652 751 2737 ηὐχαρίστησεν
774 2662 821 2740 τῷ
843 2661 914 2741 θεῷ
937 2652 992 2717 κοιλ
1016 2653 1034 2718 ὁ
1058 2654 1161 2736 δῆμος
1186 2653 1351 2737 συνεχάρη
1374 2651 1474 2738 αὐτῷ.

353 2748 409 2813 HI.
433 2742 524 2834 Αἷμα
547 2749 750 2834 ἀναφέροντι
768 2749 941 2838 Ἰονλιοινῳῖ
960 2748 1200 2835 άῳηλιτισμένῳ
1219 2749 1284 2813 ὑπὸ
1298 2749 1422 2824 παντὸς
1440 2747 1573 2833 ἀνθρώ-

264 2869 329 2911 που
354 2846 591 2932 ἐχρησμάτισεν
614 2846 633 2912 δ
655 2850 735 2924 θεὸς
760 2846 873 2914 ἐλθεῖν
896 2846 952 2912 καὶ
975 2849 1011 2913 ἐκ
1039 2856 1100 2912 τοῦ
1129 2848 1298 2932 τριβώμου
1327 2840 1404 2932 άραι
1432 2848 1571 2921 κόκκους

265 2947 444 3026 στροβίλου
467 2941 522 3008 καλ
546 2956 668 3028 φαγεῖν
690 2948 770 3030 μετά
793 2944 924 3031 μέλιτος
947 2944 1000 3010 ἐπὶ
1023 2956 1111 3031 τρεῖς
1134 2944 1267 3030 ἡμέρας,
1293 2941 1349 3008 καὶ
1377 2941 1488 3027 ἐσώθη
1517 2941 1572 3007 καλ

266 3041 378 3106 ἐλθών
401 3043 545 3127 δημοσίῳ
566 3042 808 3127 ηὐχαρίστησεν
831 3047 1021 3128 ἔμπροσθεν
1043 3051 1104 3107 τοῦ
1128 3044 1245 3126 δήμου.

355 3137 412 3203 IV.
437 3139 609 3227 Οὐαλερίῳ
619 3137 732 3229 ’Ἁπρῳ
751 3143 935 3227 στρατιώτη
953 3146 1069 3226 τυῳληῖ
1089 3138 1303 3225 ἐχρημάτισεν
1322 3139 1339 3203 ὁ
1358 3139 1438 3214 θεὸς
1457 3136 1572 3217 ἐλθεῖν

265 3235 319 3301 καλ
343 3240 457 3319 λαβεῖν
480 3229 560 3321 αἷμα
579 3235 611 3314 ἐξ
637 3236 864 3323 ἀλεκτρνῶυος
882 3244 1003 3304 λευκοῦ
1021 3237 1101 3320 μετὰ
1124 3235 1255 3321 με’λιτος
1283 3234 1338 3301 καὶ
1362 3235 1568 3319 κολλύριών]

266 3344 444 3418 συντρῖψαι
467 3333 522 3399 καὶ
550 3334 603 3400 ἐπὶ
631 3346 719 3421 τρεῖς
741 3335 863 3420 ἡμέρας
886 3335 1069 3421 ἐπιχρεῖσαι
1097 3333 1151 3399 ἐπὶ
1175 3337 1253 3411 τοὺς
1276 3333 1492 3419 ὀφθαλμούς,
1515 3330 1570 3397 καλ

268 3428 451 3515 ἀνέβλεψεν
474 3431 529 3496 καὶ
552 3431 717 3515 ἐλήλυθεν
739 3431 793 3497 καλ
816 3433 1058 3518 ηὐχαρίστησευ
1081 3434 1225 3517 δημοσίῳ
1247 3440 1294 3519 τῷ
1316 3439 1395 3519 θεῷ.

355 3528 666 3612 Βίεμοείῖίσώοεαοι
680 3531 929 3614 inscriptionum
944 3535 1096 3613 quattuor
1114 3552 1179 3593 uua
1198 3533 1246 3595 est
1261 3530 1442 3614 eademque.
1473 3529 1572 3594 [nitio

266 3628 451 3691 nominatur
474 3632 626 3713 aegrotus
649 3629 845 3713 morbusque
868 3628 1037 3714 indicatur,
1061 3650 1125 3712 quo
1148 3624 1305 3712 laboret3)
1329 3625 1364 3711 (2
1389 3628 1473 3689 caeci
1497 3626 1572 3709 [sub

265 3723 361 3809 IIV]
392 3726 408 3789 1
438 3726 627 3809 pleuriticus
657 3727 732 3811 [sub
755 3725 801 3810 Il]
836 3728 853 3791 1
883 3727 1073 3811 sanguinem
1100 3748 1271 3807 erumpens
1299 3722 1373 3806 [sub
1396 3721 1493 3806 ΗΠ),
1524 3744 1570 3785 se-

266 3822 377 3905 quitur
400 3824 576 3888 remedium
601 3847 620 3887 a
648 3823 706 3889 deo
734 3845 792 3907 per
819 3846 967 3888 somnum
996 3824 1118 3887 scilicet
1146 3816 1405 3906 significarunt,
1434 3817 1570 3903 denique

266 3920 404 3985 refertur
427 3922 465 3983 de
489 3922 656 3986 sanatione
679 3921 856 4007 gratiisque
880 3922 939 3987 deo
962 3922 1051 3985 actis.

357 4016 391 4082 Si
419 4019 559 4083 remedia
592 4019 649 4083 illa
680 4019 821 4084 indicata
858 4020 1039 4084 accuratius
1070 4016 1258 4101 perspicies,
1287 4013 1397 4079 statim
1431 4013 1572 4077 animad-

356 4213 381 4281 1)
400 4211 511 4265 Diodor.
537 4212 561 4265 V
579 4217 622 4279 62,
637 4217 665 4267 5:
697 4211 747 4276 τὰς
769 4211 820 4281 μὲν
843 4211 968 4273 σπουδάς
989 4208 1141 4281 μελικράτῳ
1164 4216 1283 4263 ποιοῦσι.
1320 4208 1362 4262 De
1380 4224 1466 4261 causa
1488 4207 1571 4260 huius

265 4292 336 4345 ritus
355 4310 377 4346 ν.
398 4311 424 4362 p.
440 4297 483 4358 40,
499 4298 523 4346 3.

355 4374 382 4442 2)
400 4371 442 4425 De
461 4371 590 4426 Kaibclio
609 4372 737 4442 Inscript.
756 4371 802 4425 Gr.
823 4370 937 4425 Siciliae
955 4371 984 4422 et
1002 4368 1102 4423 Italiae
1121 4387 1161 4422 nr.
1178 4374 1238 4423 966.

356 4456 383 4519 3)
402 4452 459 4505 Sub
477 4452 503 4504 Π
522 4454 551 4506 et
569 4451 607 4504 HI
626 4452 735 4522 aegroti
754 4450 896 4520 desperati
915 4450 996 4503 eraut
1014 4448 1050 4501 ab
1069 4448 1198 4502 omnibus
1216 4448 1385 4503 hominibus.

355 4536 382 4600 4)
400 4532 540 4586 Differunt
554 4531 607 4585 hac
621 4531 651 4585 in
665 4549 695 4586 re
709 4530 906 4601 inscriptiones
919 4526 1088 4583 Maffeianac
1102 4529 1138 4582 ab
1152 4527 1383 4598 inscriptionibus
1394 4526 1570 4596 Epidauriis3

266 4612 312 4664 hic
330 4612 405 4666 euim
423 4630 480 4667 non
498 4611 621 4666 remedia
641 4612 893 4666 commemorantur
911 4624 961 4678 pcr
980 4625 1107 4662 somnum
1129 4608 1214 4676 iussa,
1238 4608 1287 4661 sed
1312 4608 1379 4661 deus
1402 4605 1463 4677 ipse
1486 4610 1570 4661 noctu

268 4690 427 4761 aegrotanti
445 4691 580 4746 medetur.
