3550 5317
589 331 630 385 De
648 330 828 385 incubatione
847 330 1009 385 christiana.
1462 331 1504 394 63

205 515 311 559 curam
334 495 444 559 uirtute
467 494 565 558 nucis
587 493 756 575 inpendit.“
787 492 858 557 Hoc
878 493 1007 576 quidem
1026 498 1273 558 consentaneum
1293 516 1361 558 esse
1380 494 1506 557 videtur

204 593 322 656 veteris
354 591 569 656 incubationis
597 590 760 674 perlucere
792 590 942 674 vestigia,
973 590 1029 652 ubi
1056 591 1159 654 iacere
1192 590 1321 654 iubetur
1347 594 1505 675 aegrotus,

206 712 354 754 necnon
377 690 479 753 iacere
502 689 584 753 illud
607 691 691 753 certe
715 688 854 772 aliquam
875 688 1006 751 exhibet
1024 688 1301 773 significationem,
1323 692 1430 752 tamen
1454 711 1506 752 cu·

207 788 289 851 ratio
313 788 384 871 ipsa
406 808 471 850 non
494 808 607 850 somno
631 786 784 869 efficitur,
812 786 867 849 sed
892 784 994 848 crucis
1018 784 1111 869 signo
1135 808 1155 849 a
1177 807 1200 851 s,
1225 782 1382 849 Germano
1406 785 1505 850 illato.

204 883 360 949 Similiter
383 884 587 948 iudicandum
617 886 666 947 est
693 883 731 946 de
755 903 864 965 caeco,
892 882 947 965 qui
975 882 1015 969 ad
1039 904 1062 946 s.
1081 882 1214 946 Martini
1242 883 1396 947 lectulum
1419 905 1505 966 pro-

205 986 351 1047 stratus
383 985 476 1045 nocte
508 981 650 1045 lacrimis
687 984 719 1043 et
751 980 951 1044 orationibus
986 984 1116 1063 peracta
1151 981 1273 1063 „lumen
1303 982 1406 1045 ridere
1432 1003 1506 1063 pro-

205 1081 343 1157 meruit‘,
370 1076 500 1163 Gregor.
528 1078 602 1141 Tru.
631 1078 669 1141 de
696 1077 769 1141 virt.
794 1100 817 1141 s.
836 1076 969 1141 Martini
987 1077 1019 1142 Π
1039 1079 1080 1143 19
1100 1078 1143 1142 Μ.
1163 1076 1198 1142 (i.
1216 1102 1247 1161 p.
1261 1078 1335 1144 616.
1381 1078 1506 1164 Vigilat

203 1176 290 1240 enim
321 1198 378 1260 per
409 1180 512 1239 totam
544 1178 670 1239 noctem
703 1178 853 1259 aegrotus
882 1196 986 1258 neque
1012 1197 1088 1239 vero
1121 1175 1160 1237 de
1190 1196 1302 1239 somno
1331 1176 1505 1260 quidquam

204 1274 331 1338 dieitur.
377 1273 440 1337 Vel
463 1274 504 1337 ib.
524 1271 572 1337 III
591 1274 610 1336 8
629 1296 660 1355 p.
679 1271 745 1335 634
772 1272 931 1355 conferas,
956 1271 1013 1335 ubi
1041 1272 1147 1335 infans
1175 1276 1338 1335 mortuum
1361 1295 1381 1336 a
1403 1276 1505 1337 matre

204 1376 277 1435 ante
300 1372 399 1435 altare
424 1371 605 1454 depositum
628 1392 721 1433 mane
744 1370 906 1434 invenitur
928 1369 1046 1433 vivum.

292 1467 436 1532 Alteram
450 1467 678 1531 miraculorum
692 1467 806 1530 seriem
819 1466 971 1532 brevibus
985 1468 1143 1551 attingere
1153 1470 1289 1551 oportet.
1313 1465 1504 1551 Saepissime

203 1566 341 1651 legimus
365 1568 512 1649 aegrotos
536 1564 706 1629 sanitatem
729 1564 965 1647 recuperavisse
988 1564 1023 1629 in
1044 1564 1177 1649 vigiliis.
1216 1564 1391 1648 Praecipue
1413 1566 1504 1629 festis

205 1666 387 1727 sanctorum
412 1662 552 1745 undique
575 1662 778 1725 confluebant
801 1662 976 1746 christiani,
998 1666 1035 1725 ut
1059 1662 1178 1725 orando
1202 1662 1428 1747 vigilandoque
1451 1686 1504 1746 pa-

205 1765 334 1826 tronum
357 1782 452 1824 suurn
475 1759 680 1843 celebrarent,
703 1763 799 1842 atque
822 1759 883 1823 hoc
910 1763 1054 1843 tempore
1083 1760 1243 1842 permulta
1269 1759 1388 1823 fiebant
1411 1760 1505 1824 mira

205 1859 276 1922 cula
298 1858 554 1941 curabanturque
577 1856 706 1921 infirmi.
752 1856 822 1933 Qua
844 1858 878 1919 in
901 1880 935 1921 re
957 1857 1044 1921 haud
1066 1879 1138 1921 raro
1162 1857 1289 1942 accidit,
1312 1861 1348 1921 ut
1371 1879 1504 1941 corpore

205 1956 326 2041 vigiliis
349 1956 474 2020 defesso
498 1976 591 2019 mane
615 1954 818 2019 obdormiant
841 1955 974 2039 aegroti,
997 1976 1061 2037 quo
1084 1954 1170 2019 facto
1194 1955 1365 2039 contingit,
1389 1959 1426 2018 ut
1448 1978 1505 2039 per

204 2076 351 2118 somnum
375 2055 415 2117 iis
438 2056 611 2137 appareant
634 2056 800 2136 martyres.
847 2050 926 2116 Cum
949 2074 1025 2116 vero
1049 2051 1206 2116 eiusmodi
1230 2054 1355 2116 somnia
1377 2074 1443 2117 non
1466 2054 1504 2116 de

204 2151 361 2215 industria
384 2154 582 2233 expetantur,
605 2150 705 2213 immo
725 2150 804 2233 ipsis
827 2149 948 2234 vigiliis
970 2149 1126 2233 neglectis
1143 2149 1282 2233 veniant,
1305 2172 1413 2233 perse
1433 2171 1505 2213 con-

204 2252 268 2311 stat
295 2248 349 2311 hio
376 2248 415 2311 de
442 2246 646 2311 incubatione
673 2247 737 2310 dici
766 2269 832 2311 non
858 2268 960 2330 posse.
1010 2246 1084 2310 Huc
1110 2246 1211 2330 igitur
1237 2246 1403 2310 referenda
1429 2251 1504 2311 sunt

203 2345 289 2427 talia,
313 2346 421 2427 qualia
442 2344 524 2429 legis
547 2344 632 2427 apud
656 2342 784 2428 Gregor.
804 2343 878 2407 Tur.
894 2344 931 2407 de
950 2344 1023 2408 virt.
1042 2366 1066 2408 s.
1080 2342 1197 2406 Iuliani
1220 2345 1240 2407 9
1263 2367 1294 2428 p.
1308 2343 1384 2427 568,
1397 2346 1439 2408 21
1465 2345 1503 2408 de

203 2442 354 2506 Fedamia
377 2442 514 2525 quadam
537 2442 679 2526 muliere,
702 2462 799 2523 „quae
821 2444 897 2506 dum
919 2443 955 2505 in
973 2442 1096 2524 partica
1117 2442 1185 2518 illa,
1206 2462 1286 2521 quac
1306 2449 1431 2506 sanctae
1453 2443 1504 2506 ba-

202 2540 309 2605 silicae
336 2538 482 2627 (Iuliani)
511 2542 720 2622 coniunyitur,
748 2540 909 2603 decubaret
932 2544 1048 2603 noctem
1075 2540 1276 2621 dominicarn,
1303 2541 1379 2603 dum
1404 2561 1503 2605 sacro-

202 2640 318 2702 sanctis
340 2640 457 2720 uipiliis
485 2640 593 2720 populi
615 2640 692 2721 fides
721 2640 828 2701 deuota
856 2636 1048 2715 concdebrat,
1079 2642 1108 2701 et
1132 2637 1191 2701 illa
1217 2638 1373 2717 quimnns
1399 2638 1504 2702 lectulo

199 2736 397 2817 paululum
420 2736 624 2813 obdormisset,
647 2757 669 2798 a
691 2736 757 2808 cira
780 2737 914 2815 quodam
930 2756 991 2817 per
1012 2736 1114 2799 risum
1135 2739 1274 2815 correpta
1296 2741 1386 2817 atque
1406 2736 1505 2799 incre-

200 2835 271 2913 pita
295 2838 338 2897 est
360 2835 476 2897 dicente
497 2834 571 2912 sibi,
594 2854 658 2898 cur
683 2834 811 2913 reliquis
837 2832 981 2897 excubias
1010 2838 1178 2897 nocturnas
1206 2831 1273 2896 Deo
1296 2833 1504 2898 exhibentibus

203 2930 275 2993 illa
298 2932 444 2995 deesset.
468 2932 625 3013 respondit
646 2952 678 2995 se
700 2930 739 2995 ab
767 2931 852 2994 omni
878 2930 1083 2994 menbrorum
1106 2936 1197 3011 parte
1226 2930 1354 2994 debilem
1380 2951 1434 2994 nec
1452 2952 1502 3012 pe-

203 3028 289 3092 nitus
308 3048 448 3108 pressum
470 3048 559 3109 apere
575 3049 674 3109 posse.
698 3033 770 3092 tunc
791 3028 882 3110 quasi
909 3032 1078 3092 sustentata
1106 3049 1128 3090 a
1154 3029 1221 3091 uiro
1247 3029 1302 3109 qui
1327 3029 1504 3109 loquebatur
1576 3043 1579 3051 ’

203 3126 232 3188 ei
261 3130 291 3189 et
316 3127 360 3189 ad
385 3126 578 3206 sepulchrum
604 3146 699 3207 usque
726 3127 868 3203 deducta,
896 3128 971 3189 dum
997 3126 1034 3189 in
1060 3145 1166 3207 sopore
1190 3127 1300 3207 fundit
1326 3127 1503 3211 orationem,

203 3224 305 3287 cisum
327 3228 371 3287 est
393 3225 429 3300 ei,
452 3224 544 3304 quasi
566 3224 730 3288 multitudo
753 3228 932 3289 catenarum
959 3224 998 3286 ab
1020 3224 1087 3287 eius
1108 3223 1253 3287 nummis
1274 3224 1337 3288 sab)
1359 3225 1502 3288 decidere.

203 3341 224 3383 a
251 3342 309 3400 quo
337 3322 431 3385 etiam
457 3322 561 3386 sonitu
587 3323 797 3404 euperpefacta
823 3322 920 3385 sensit
950 3321 1089 3384 manium
1120 3326 1246 3385 artumn
1273 3323 1419 3403 recepisse
1438 3322 1503 3403 ple-

202 3418 367 3481 nissimam
381 3420 573 3483 sanitatem.“
605 3416 749 3502 Apparet
763 3418 930 3481 mulierem
948 3440 1015 3482 non
1028 3418 1208 3482 somniandi
1222 3440 1317 3482 causa
1330 3418 1502 3484 advenisse.

206 3513 357 3578 Conferre
371 3514 475 3600 liceat,
489 3537 569 3599 quae
589 3515 719 3580 exhibet
732 3515 817 3579 idem
833 3514 925 3600 Greg.
940 3513 1014 3580 Tur.
1029 3516 1063 3579 in
1081 3515 1162 3601 glor.
1176 3520 1268 3579 mart.
1287 3515 1308 3579 5
1327 3538 1357 3599 p.
1371 3516 1502 3600 490sq.:

204 3610 420 3697 Chrodigildis
443 3610 555 3697 'puella
584 3634 675 3677 caeca
701 3614 736 3678 in
763 3613 956 3677 monasterio
986 3636 1010 3677 s.
1042 3611 1152 3676 Crucis
1180 3613 1391 3677 Pictaviensis
1414 3618 1503 3691 ,ante

201 3714 341 3774 sanctam
360 3712 568 3792 prosternite
590 3732 713 3789 arcam;
732 3712 833 3793 ibique
855 3732 924 3776 cum
947 3712 1075 3793 reliquis
1097 3711 1409 3776 sanctaemonialibus
1425 3713 1502 3793 ripi-

202 3808 263 3873 lias
295 3809 454 3890 explicans
488 3811 560 3874 dato
591 3830 683 3874 mane
713 3810 855 3875 bisdcm
884 3809 1159 3874 discedentibus
1187 3813 1348 3889 prostrata
1375 3811 1438 3876 solo
1466 3812 1502 3874 ia

202 3908 305 3969 eodem
327 3906 390 3971 loco
413 3908 536 3992 quieuit,
559 3909 764 3990 apparuitque
785 3909 814 3971 ei
831 3928 891 3989 per
907 3908 1017 3984 omum,
1039 3908 1131 3988 quasi
1148 3907 1283 3988 aperiret
1298 3907 1414 3989 aliquis
1436 3929 1502 3973 oca·

203 4002 248 4067 los
270 4004 344 4088 eius,
367 4010 396 4067 a
417 4026 515 4070 unum
537 4007 669 4070 sanitati
690 4006 854 4088 redditam,
878 4007 953 4070 dum
976 4025 1045 4068 cam
1069 4005 1133 4068 alio
1156 4004 1315 4083 laboraret,
1337 4006 1436 4070 subito
1459 4008 1502 4070 ad

202 4101 274 4164 ostii
295 4104 423 4165 reserati
453 4123 563 4167 sonum
590 4105 800 4185 eaperpefaeta
830 4103 926 4167 unius
952 4101 1033 4165 oculi
1059 4102 1162 4166 lumen
1187 4105 1305 4185 recepit.
1332 4105 1414 4184 quod
1439 4124 1502 4167 non

202 4198 370 4279 mnbipimr
392 4200 465 4263 baec
482 4221 542 4282 per
568 4202 666 4265 crucis
693 4202 836 4265 uirtutem
861 4200 961 4281 fuisse
982 4201 1197 4282 pramtinam.“
1239 4198 1353 4284 Itaque
1381 4199 1501 4284 vigiliis

201 4294 339 4379 expletis
362 4296 460 4359 ceteri
483 4297 656 4382 discedunt,
679 4297 787 4383 puella
809 4297 865 4361 illa
884 4296 1007 4361 defessa
1029 4301 1185 4383 remanet,
1207 4299 1390 4381 pervisum
1414 4315 1502 4360 cura-

201 4396 262 4476 tur,
285 4396 393 4456 tamen
416 4394 456 4457 ab
476 4393 688 4459 incubationis
707 4396 901 4459 testimoniis
918 4395 981 4459 hoc
1003 4418 1068 4459 non
1090 4395 1173 4459 nihil
1196 4396 1322 4459 differre
1341 4394 1413 4477 quis
1436 4415 1501 4457 non

200 4491 296 4555 videt.
342 4488 380 4554 ld
408 4492 494 4575 quod
521 4492 618 4555 etiam
646 4492 762 4557 clarius
789 4494 929 4576 perspici
955 4497 1076 4577 potest,
1103 4515 1175 4557 cum
1203 4493 1284 4577 legis
1312 4513 1393 4575 quae
1416 4492 1501 4574 apud

202 4586 293 4673 Greg.
313 4588 386 4653 Tur.
402 4590 440 4653 de
460 4591 532 4653 virt.
548 4610 571 4653 s.
586 4587 718 4654 Martini
736 4589 768 4654 Π
786 4590 829 4653 26
848 4614 877 4673 p.
893 4589 998 4675 619,3
1018 4592 1056 4654 de
1070 4590 1163 4654 Piolo
1178 4590 1293 4653 clerico
1308 4587 1500 4652 Condatensi

202 4690 291 4749 muto
314 4690 492 4751 narrantur.
539 4687 601 4764 Qui
624 4689 686 4767 „ad
711 4689 791 4753 beati
821 4686 877 4774 (sc.
901 4686 1049 4774 Martini)
1070 4690 1164 4771 putes
1192 4687 1353 4768 vicilare
1379 4688 1499 4770 dispo-
