3550 5317
668 300 709 354 De
727 299 910 354 incubatione
929 297 1091 353 christiana.
1442 297 1506 361 105

201 474 308 534 mente
332 467 479 532 custodes
503 489 577 530 suos
601 463 840 547 alloqueretur,
864 462 993 528 vinculo
1016 462 1170 526 liberatus
1194 465 1371 545 κατεκλίθη
1395 461 1507 547 πράως

201 566 255 632 καὶ
278 566 512 632 κατεπαύσατο.
535 561 624 650 περὶ
648 559 690 627 et
712 560 831 646 μέσας
858 561 1003 638 νύκτας
1030 563 1121 639 ὄψις
1148 561 1252 646 αὐτῷ
1280 559 1507 623 διαδείκνυ-

202 689 263 730 ται
292 663 404 730 τοιάδε
437 661 654 746 ἀγγέλλουσα·
684 661 768 746 πρὸς
797 661 857 724 τὸν
886 659 1061 745 εὐκτήριον
1091 654 1185 724 οἷκον
1212 666 1270 740 τῆς
1301 658 1508 742 Θεομήτορος

78 769 79 772 ’
202 765 282 847 ἵεσο,
305 763 395 838 ὅστις
422 770 479 844 τῆς
503 759 632 837 Ἐλαίας
659 758 951 845 προσονομάζεται·
980 757 1101 822 αὐτόθι
1128 757 1207 842 γάρ,
1236 758 1355 840 φησίν,
1384 756 1508 838 ίαθηση

201 870 261 927 τού
284 861 464 982 πτώματος.
484 859 528 936 ὡς
551 855 589 922 (ll
606 855 711 942 ἡμέρα
730 855 859 939 ἐγένετο
878 853 934 919 καὶ
957 855 1028 938 τὴν
1050 857 1228 940 θεωρίαν
1250 855 1355 917 εἰπεῖν
1373 851 1509 916 ἀπετόλ-

202 975 320 1043 μησεν,
350 956 415 1021 ὑπὸ
442 965 510 1021 τῶν
538 955 753 1020 ἀκουσάντων
780 956 868 1038 ἤχθη
896 957 963 1016 κτλ.
1008 950 1047 1015 ln
1073 950 1267 1035 Deiparae
1259 950 1320 1035 1git
1321 972 1360 1012 ur
1387 948 1508 1031 templo

202 1056 351 1120 Florinus
366 1056 496 1120 sanatur
458 1051 595 1140 ur(:l9)
611 1050 721 1117 κα1’
681 1076 786 1128 ουτως
804 1049 932 1116 τέλειον
950 1050 1163 1169 ἐθεραπεύθη
1181 1057 1241 1113 τοῦ
1259 1048 1390 1122 πάθους
1405 1046 1422 1110 ὁ
1437 1046 1509 1110 θαι-

203 1164 317 1237 μονῶν
340 1155 421 1228 δοὺς
444 1150 546 1230 δόξαν
569 1159 613 1238 τῷ
639 1150 728 1214 11ιά
730 1157 798 1214 τοῦ
822 1147 938 1231 ἀγίου
957 1148 1017 1231 τὴν
1035 1153 1127 1212 ίασιν
1146 1145 1368 1231 ε’νεργησανιι.
1395 1146 1510 1228 μείνας

203 1248 240 1315 et
262 1253 416 1326 πλείστας
440 1249 519 1325 ὅσας
542 1215 664 1334 ἡμέρας
686 1245 742 1311 καὶ
770 1269 827 1329 της
853 1248 1032 1331 θεραπείας
1059 1245 1096 1308 τὸ
1124 1243 1261 1327 βέβαιον
1291 1243 1380 1319 ὄψει
1406 1262 1510 1325 ταρα-

203 1346 315 1431 λαβὼν
338 1350 464 1433 χαίρων
485 1347 570 1432 πρὸς
593 1347 671 1420 τοὺς
695 1345 802 1419 ἰδίους
826 1342 1072 1408 έστέλλετολ
1016 1347 1084 1407 κτλ.
1128 1340 1192 1404 Per
1215 1343 1361 1404 sanctum
1306 1338 1510 1424 um,Thera-

203 1449 282 1530 pont
284 1468 334 1509 em
357 1444 487 1528 scilicet,
510 1443 598 1507 Deus
623 1442 741 1506 dicitur
765 1440 905 1505 effecisse
928 1441 1135 1523 curationem,
1158 1439 1267 1522 itaque
1290 1391 1510 1519 sancius1pse

203 1565 260 1627 per
284 1564 431 1606 somnum
460 1541 609 1625 apparuit
636 1540 687 1605 vel
715 1539 871 1603 visionem
899 1536 988 1602 illam
1015 1537 1183 1620 misit,m
1148 1557 1268 1601 msuo
1296 1534 1398 1619 ipsius
1425 1533 1510 1597 vide-

202 1640 279 1704 licet
302 1661 399 1704 sacro.
445 1638 518 1703 Huc
540 1659 686 1702 reversus
708 1637 858 1701 Florinus
881 1640 1004 1700 ceteros
1033 1631 1108 1699 dies‘
1124 1634 1282 1718 transegit
1304 1637 1401 1716 atque
1424 1653 1512 1696 cura-

203 1738 325 1802 tionem
347 1737 522 1820 perfectam
546 1758 614 1800 esse
637 1735 754 1822 iterum
777 1758 834 1818 per
858 1733 1018 1798 somnium
1042 1733 1173 1817 accepit.
1210 1731 1247 1795 ld
1266 1730 1353 1815 quod
1375 1753 1392 1794 e
1415 1731 1511 1793 mira-

204 1834 283 1899 culis
298 1835 402 1898 adhuc
416 1834 522 1898 allatis
537 1832 758 1917 conclusimus,
774 1855 797 1897 s.
808 1831 1046 1916 Therapontem
1061 1853 1188 1916 quoque
1202 1853 1260 1915 per
1273 1828 1511 1893 incubationem

202 1932 343 2018 aegrotis
367 1932 524 1996 indicasse
547 1931 695 2017 remedia,
719 1930 790 1994 aliis
815 1930 957 1994 eiusdem
981 1930 1118 1994 encomii
1145 1928 1225 1994 locis
1253 1927 1375 2012 optime
1400 1927 1513 1990 confir-

204 2033 321 2094 matur.
368 2030 471 2094 Senex
495 2029 625 2114 quidam
648 2051 667 2093 a
690 2029 857 2115 militibus,
881 2050 1015 2113 operum
1038 2027 1254 2110 exactoribus,
1281 2025 1376 2089 fustis
1409 2047 1512 2107 usque

203 2129 244 2192 ad
274 2131 410 2192 mortem
438 2149 548 2192 caesus
576 2127 691 2205 ὀψίας
720 2129 821 2210 οὔσης
853 2126 887 2190 in
917 2126 1068 2209 martyris
1099 2147 1223 2189 sacrum
1251 2126 1407 2207 portatur.
1452 2122 1513 2186 De-

207 2225 379 2309 sperabant
402 2247 512 2289 omnes
536 2225 592 2308 qui
616 2224 767 2288 videbant
790 2223 883 2287 illum
906 2222 958 2288 vel
981 2224 1067 2308 quod
1089 2224 1210 2287 factum
1229 2225 1313 2286 esset
1331 2220 1513 2302 audiebant,

205 2321 276 2388 ἀλλ’
300 2323 318 2387 ὁ
343 2322 468 2406 μάρτυς
492 2323 595 2386 αὐτὸν
624 2323 691 2387 (1ιά
718 2330 784 2405 τῆς
811 2323 955 2398 νυκτὸς
983 2321 1195 2404 ἰασάμενος
1222 2318 1344 2406 ἡμέρας
1370 2318 1513 2402 ὑποφαι-

204 2421 329 2503 νούσης
352 2419 516 2485 ἀπέλυσεν
541 2417 607 2506 (24,
623 2416 739 2506 insu).
786 2419 931 2483 Marinus
955 2418 1085 2500 quidam
1104 2421 1212 2481 mutus
1232 2421 1265 2482 et
1286 2421 1357 2482 toto
1381 2438 1513 2501 corpore

204 2523 316 2602 captus
344 2519 440 2583 κατὰ
468 2519 509 2582 τὸ
537 2518 602 2582 ὑπὸ
631 2526 691 2582 τού
720 2517 817 2600 ἀγίου
846 2515 887 2581 ἐν
917 2515 1086 2602 ὀπτασίᾳ
1112 2513 1258 2599 λεχθὲν
1284 2516 1431 2599 ἠλείφθη
1465 2566 1472 2579 .
1505 2565 1512 2578 .

205 2626 250 2703 τῷ
279 2627 347 2681 τῶν
383 2615 551 2692 λειψάνων
579 2615 842 2701 ’ἀπομυρίσματι
882 2613 938 2679 καὶ
974 2623 1072 2679 τοῦτο
1109 2611 1232 2678 παθὼν
1264 2614 1341 2688 ὅλος
1377 2611 1513 2695 γέγονεν

204 2716 301 2798 ὑγιὴς
324 2719 391 2778 κτλ.
416 2714 482 2800 (21,
499 2712 610 2800 lsqq.)
655 2713 834 2777 Plurimum
858 2735 933 2778 vero
958 2713 1050 2776 docet
1072 2711 1263 2775 miraculum
1286 2710 1373 2794 quod
1394 2709 1514 2794 legitur

203 2811 382 2894 20‚1sqq.:
407 2809 554 2876 ἐνταῦθα
575 2811 809 2896 superiecisse
832 2810 986 2876 ε’τέθειτο.
1008 2807 1064 2874 καὶ
1083 2810 1224 2874 ἰδοῦσα
1246 2809 1315 2873 τὸν
1337 2809 1452 2890 ἀγιον
1474 2817 1513 2891 τη

205 2913 303 2994 σμίλη
332 2909 389 2984 τάς
407 2908 520 2992 βάσεις
547 2910 650 2993 ἀκρας
677 2908 927 2992 ἀναστομούντα
951 2908 1183 2990 ἀιύπνησεν·
1205 2901 1253 2989 ἦν
1275 2907 1347 2992 γάρ
1371 2905 1514 2969 καθεύ-

205 3009 343 3090 toccu,
367 3006 447 3070 ὅταν
470 3006 711 3092 ἐχειρουργήθη
734 3007 822 3091 παρὰ
845 3015 906 3070 τοῦ
929 3006 1104 3091 μάρτυρος.
1133 3014 1203 3081 τοῖς
1226 3000 1264 3068 et
1285 3002 1387 3070 ποσὶν
1409 3004 1514 3080 εὐθὺς

203 3105 296 3188 μετά
319 3104 389 3186 τὴν
413 3103 656 3189 έγρηγορσιν
679 3101 879 3168 ἐπινεύσασα
902 3102 994 3187 ύδωρ
1018 3101 1132 3189 ὁρᾷ.
1152 3099 1343 3188 ,ἀπορρέον
1365 3110 1434 3166 τῶν
1456 3101 1514 3183 βά-

204 3220 297 3267 σεων.
345 3200 405 3265 Oui
428 3201 506 3266 talia
528 3201 650 3286 legenti
623 3199 867 3267 ttOosmae
836 3204 867 3266 et
890 3201 1041 3265 Damiani
1072 3201 1123 3265 vel
1148 3198 1224 3284 Gyri
1254 3205 1286 3264 et
1308 3198 1438 3305 loannis
1462 3199 1512 3261 vel

205 3301 306 3383 ipsius
330 3298 514 3383 Aesculapii
537 3299 718 3364 curationes
742 3299 776 3363 in
800 3299 987 3364 memoriam
1010 3321 1076 3363 non
1098 3299 1253 3364 venerint.

293 3395 533 3461 Atteudendum
565 3397 650 3480 apud
682 3396 867 3481 Therapont
869 3419 919 3461 em
954 3419 1081 3480 quoque
1115 3396 1178 3461 duo
1216 3396 1272 3460 illa
1308 3399 1399 3460 curat
1400 3395 1510 3459 ionum

205 3515 322 3578 genera
346 3494 509 3558 observari
532 3516 634 3578 posse,
657 3493 794 3558 alterum
816 3515 890 3558 cum
914 3494 983 3579 ipse
1005 3498 1134 3559 sanctus
1161 3516 1219 3578 per
1245 3497 1373 3558 noctem
1402 3492 1511 3556 statim

206 3597 298 3656 sanat
321 3590 520 3678 aegrotum)
545 3589 599 3678 (cf.
619 3595 746 3675 praeter
768 3591 958 3656 miraculum
982 3593 1077 3656 modo
1097 3591 1239 3674 allatum,
1263 3591 1319 3654 ubi
1338 3588 1513 3654 curationis

160 3769 161 3772 Ἴ
204 3690 340 3776 vestigia
373 3712 485 3755 somno
516 3689 621 3754 soluto
650 3694 819 3775 apparent,
853 3690 1057 3774 16,13sqq.3
1090 3688 1294 3772 20,19sqq.;
1325 3682 1514 3771 2112511),

205 3787 341 3852 alterum
378 3796 450 3852 cum
486 3787 626 3852 remedia
663 3792 789 3852 tantum
821 3809 878 3872 per
911 3787 1071 3852 somnium
1102 3809 1122 3849 a
1158 3789 1301 3868 martyre
1333 3784 1515 3848 indicantur

206 3883 397 3970 (12,9sqq.;
430 3885 529 3971 16‚9;
559 3883 725 3972 21,7sq.).
775 3884 959 3949 Adhibetur
989 3884 1095 3948 oleum
1128 3906 1254 3947 sacrum
1282 3879 1349 3968 (16,
1365 3879 1414 3966 9),
1444 3901 1515 3944 cera

206 3979 353 4068 (2019),
376 3987 576 4070 unguentum
605 3985 691 4068 quod
719 4006 735 4047 e
763 3983 909 4066 reliquiis
938 3982 1071 4066 profluit
1099 3980 1201 4045 sancti
1229 3977 1296 4065 (21,
1311 3980 1345 4064 83
1379 3979 1417 4042 cf.
1436 3974 1514 4063 59).

205 4079 339 4143 Maximi
362 4084 410 4144 est
433 4082 587 4145 momenti
611 4081 709 4145 etiam
727 4081 813 4164 apud
832 4080 1069 4163 Therapontem
1092 4079 1127 4143 in
1150 4079 1221 4161 ipso
1244 4078 1312 4141 solo
1336 4078 1515 4160 prostratos

205 4177 304 4240 fuisse
327 4181 483 4261 aegrotos,
506 4178 539 4240 id
563 4179 649 4261 quod
671 4182 831 4242 testantur
854 4199 935 4261 quae
958 4176 1039 4262 legis
1065 4177 1263 4260 17,11sqq.:
1287 4174 1397 4238 Maria
1422 4191 1515 4254 quac-

205 4274 278 4338 dam
308 4295 420 4339 canoro
446 4275 595 4340 laborans
627 4277 869 4398 τεσσαράκοντα
898 4326 904 4338 .
933 4326 940 4339 .
972 4274 1094 4359 ἡμέρας
1126 4272 1163 4338 ἐν
1190 4275 1325 4356 νηστεία
1363 4265 1418 4333 καὶ
1448 4290 1514 4349 χα-

294 4521 372 4591 1.)ο1
394 4521 595 4590 18,1;τταρὸν
620 4523 684 4584 τους
711 4543 750 4576 νυ
736 4529 772 4577 ν
799 4516 1112 4588 κατακλινομένονς
1133 4515 1310 4577 θεάσασθαι,
1343 4510 1391 4562 καὶ
1420 4503 1510 4574 μεθ’

205 4598 328 4669 ἡμέρας
346 4600 374 4673 (i.
385 4617 409 4655 c.
419 4618 511 4670 primu
524 4601 595 4670 luce
615 4603 648 4657 cf.
664 4607 707 4669 20,
722 4595 767 4663 20)
787 4601 881 4655 ἐλθεῖν
899 4601 948 4654 καὶ
967 4598 1107 4653 ῑὸειντο
1108 4617 1122 4658 ς
1140 4595 1204 4661 ἄρτι
1221 4590 1310 4659 aasz
1312 4607 1364 4642 ντᾱ
1365 4607 1379 4648 ς
1402 4582 1514 4651 ἇνδρ-

206 4677 375 4749 ρωμένους
393 4681 494 4735 καί’
463 4699 500 4736 σω
479 4701 616 4752 ω.φρονας
