3550 5317
835 276 926 347 Caput
941 276 979 329 Π.

329 438 477 507 dispicitur
495 438 623 508 (fortasse
642 437 820 492 scribendum
837 435 928 510 πυρίῳ
943 464 977 483 =
991 434 1096 508 πυρείιμ
1116 435 1326 490 ‘Raucherfass’
1347 436 1423 503 quod
1445 434 1476 489 in
1493 434 1568 489 LXX

330 520 440 588 exstat),
464 534 519 571 non
543 517 662 588 amplius
682 516 891 587 disputaverim.
928 517 1022 572 Verba
1046 514 1397 588 ἅσπασαι...ἀσπαστικι,ὅ
1421 516 1495 569 clare
1521 514 1567 568 de·

332 600 490 653 monstrant
507 598 579 652 illud
597 598 718 666 πύρινον
736 597 781 651 vel
800 599 875 665 quod
894 615 945 669 pro
964 614 997 651 eo
1015 598 1109 665 legere
1127 596 1181 651 tibi
1204 596 1284 651 lubet
1307 594 1372 651 ideo
1396 593 1568 650 ἀσπαστικόν

330 678 478 749 nominari,
498 678 565 746 quia
584 678 614 731 in
633 678 782 733 salutando
802 678 855 732 deo
874 677 1040 733 adhibetur:
1059 676 1089 732 έν
1108 681 1146 749 τῷ
1165 674 1348 741 ἀσπάζεσθαι.
1385 677 1569 730 Revertamur

330 758 366 811 ad
385 757 478 813 locum
496 760 657 813 tractatum.
694 757 748 811 Hic
771 774 882 827 quoque
904 758 958 811 dea
976 758 1169 827 exspectatur,
1189 755 1223 810 cf.
1240 761 1373 823 3263sq.:
1402 756 1451 811 καὶ
1476 755 1568 825 φανή-

330 836 408 892 σεταί
425 856 469 893 σοι
487 839 504 907 ἡ
524 838 593 900 θεὸς
616 839 664 893 καί
686 835 845 908 χρηματίζει
868 838 932 905 περὶ
958 832 998 892 ὧν
1021 834 1121 898 θέλεις.
1158 836 1258 905 Itaque
1284 835 1378 891 ἔλαιον
1396 836 1569 891 ἀσπαστικὸν

333 921 375 971 est
395 917 501 988 oleum,
520 918 596 986 quod
615 918 685 971 deae
705 917 782 970 illius
806 917 974 971 salutandae
997 933 1083 970 eausa
1107 915 1266 970 adhibetur.
1305 915 1366 981 Qua
1384 915 1415 969 in
1432 932 1462 969 re
1476 915 1568 969 oleum

331 997 384 1051 hoc
403 997 486 1052 modo
506 997 697 1068 significatum
716 997 752 1051 ab
771 996 832 1052 oleo
852 995 992 1051 communi
1010 995 1164 1064 distulerit,
1182 995 1256 1049 nihil
1275 996 1312 1049 ad
1326 1011 1385 1049 rem
1402 1012 1494 1063 neque
1509 996 1568 1050 erui

331 1080 432 1147 potest.
471 1077 545 1132 Satis
573 1077 611 1131 sit
638 1076 731 1131 locum
757 1076 928 1135 emendasse.
957 1108 992 1116 —
1015 1074 1084 1129 Cum
1110 1076 1145 1129 de
1172 1074 1234 1130 oleo
1261 1079 1290 1130 et
1313 1092 1388 1144 aqua
1412 1074 1569 1130 coniunctis

331 1174 456 1227 agamus,
476 1158 625 1212 adnectere
644 1156 737 1226 liceat,
757 1157 833 1224 quod
851 1156 930 1227 legas
950 1156 1026 1225 apud
1043 1156 1132 1210 Wess.
1153 1154 1199 1209 Gr.
1219 1155 1270 1210 ZP.
1287 1162 1346 1224 101,
1361 1161 1432 1209 3210
1447 1173 1501 1224 squ
1520 1157 1569 1209 καί

330 1237 423 1309 λαβὼν
442 1236 547 1307 φιοίλην
565 1237 666 1307 λευκήν
685 1240 790 1305 πλῆσον
808 1235 933 1299 θδατος
956 1236 1006 1289 καί
1028 1232 1153 1290 ἐλαίου.
1190 1234 1243 1289 Vel
1262 1234 1349 1291 alium
1367 1234 1461 1290 locum
1480 1235 1567 1289 Wess.

331 1317 369 1372 ib.
386 1324 428 1385 26,
443 1324 495 1371 223
506 1335 581 1387 sqq.:
609 1318 702 1389 λαβὼν
721 1316 806 1387 άγγος
822 1320 945 1387 χαλκοῦν
963 1314 981 1384 ἢ
999 1313 1120 1385 λεκάνην
1138 1313 1156 1383 ἢ
1176 1314 1280 1385 φιάλην
1303 1315 1369 1370 οίαν
1393 1317 1456 1387 [εαν
1474 1316 1567 1369 delen·

330 1398 409 1469 dum]
436 1398 521 1468 βοιίλη
546 1396 612 1468 βάλε
642 1395 717 1464 ὕδωρ
743 1400 798 1451 κτλ.
841 1396 878 1451 ib.
895 1402 946 1450 227
957 1414 1017 1463 sq.:
1045 1392 1169 1464 κατέχων
1192 1395 1238 1449 ἐπί
1265 1405 1324 1459 τοῖς
1351 1393 1450 1466 γόνασι
1473 1404 1570 1458 σκεῦος

331 1476 483 1548 ἐπιβαλὼν
512 1476 605 1532 ἔλαιον
638 1476 797 1546 ὀμφάκινον
824 1480 879 1530 κτλ.
921 1476 1051 1530 Ceterum
1077 1475 1234 1529 notandum
1262 1477 1396 1543 quattuor
1422 1476 1476 1529 hoe
1507 1475 1568 1530 loeo

330 1556 452 1611 discerni
470 1574 561 1624 aquae
585 1573 702 1627 genera,
727 1573 845 1625 quorum
867 1554 1104 1623 unumquodque
1123 1554 1174 1608 alii
1197 1556 1313 1609 deorum
1331 1554 1427 1625 generi
1446 1554 1568 1610 offertur.

331 1636 447 1691 Adicias
476 1636 597 1705 denique
630 1636 829 1690 miraculosam
854 1635 992 1690 Herodoti
1024 1636 1215 1691 narrationem
1246 1636 1282 1690 de
1307 1635 1464 1705 Polycratis
1495 1635 1569 1690 filiae

331 1715 451 1783 somnio,
477 1717 527 1771 ubi
549 1716 666 1771 mirifice
690 1715 870 1785 coniungitur
893 1715 999 1769 lavatio
1023 1733 1086 1769 oum
1108 1714 1241 1769 unctione
1265 1716 1313 1784 (III
1328 1717 1403 1785 124):
1427 1714 1519 1769 ἐδόκει
1541 1716 1570 1770 ολ

330 1796 380 1850 τὸν
399 1793 506 1864 πατέρα
521 1796 551 1851 έν
568 1800 608 1868 τῷ
628 1794 689 1865 ήέρι
703 1794 840 1865 μετέωρον
854 1792 937 1851 έέντα
951 1798 1100 1851 λοῦσθαι
1113 1794 1165 1864 μὲν
1178 1796 1233 1851 ὑπὸ
1247 1804 1297 1850 τοῦ
1312 1793 1389 1864 Διός,
1408 1793 1569 1866 χρίεσθαι

331 1874 363 1929 δὲ
382 1876 436 1930 ὑπὸ
455 1884 504 1931 τοῦ
522 1874 611 1945 ἡλίου.

262 2020 428 2085 Bibebat
446 2022 668 2106 Trophonium
687 2021 892 2086 consulturus
913 2044 930 2085 e
948 2020 1066 2086 Lethes
1086 2026 1118 2087 et
1136 2021 1363 2107 Mnemosyncs
1382 2021 1568 2110 fontibus1).

331 2158 372 2213 De
400 2158 501 2215 Lethes
531 2178 563 2215 ac
590 2161 785 2230 Mnemosyncs
813 2160 939 2215 fontibus
965 2160 1014 2229 qui
1043 2160 1161 2215 suntin
1187 2177 1251 2217 orco
1274 2180 1298 2215 v.
1323 2161 1422 2216 Itohde
1444 2162 1571 2231 Psyche¹

330 2239 356 2291 II
370 2245 464 2307 390,1.
476 2241 604 2311 -Apud
622 2241 758 2295 nonnulla
783 2241 898 2295 oracula
917 2242 1076 2295 sacerdotes
1095 2258 1199 2309 aquam
1217 2241 1367 2297 bibebant:
1388 2240 1422 2296 of.
1438 2241 1569 2300 Philost.

330 2318 362 2373 V.
375 2320 469 2389 Apoll.
486 2320 511 2373 Π
526 2327 573 2377 37;
592 2320 680 2375 πολλὰ
695 2320 727 2375 δὲ
741 2321 789 2375 καλ
804 2330 921 2390 μαντεῖα
939 2320 1043 2393 λέγοιμ’
1067 2318 1104 2376 ἂν
1118 2321 1254 2390 εὐδόκιμα
1267 2318 1335 2390 παρ’
1350 2318 1463 2390 Ἕλλησί
1477 2341 1507 2376 τε
1521 2324 1570 2377 καί

332 2398 497 2470 βαρβάροις,
522 2400 552 2455 ἐν
577 2397 619 2463 οῖς
643 2401 657 2455 ὁ
690 2400 779 2470 ἱερεὺς
806 2404 865 2471 (καί
892 2403 1018 2457 amedee
1044 2403 1187 2471 Apollinis
1215 2402 1322 2455 clarir‘
1359 2402 1423 2455 adn.
1452 2402 1570 2473 Kayser)

330 2476 604 2543 ὕδατος...σποίσας
628 2480 841 2553 ἀποφθέγγεται
863 2481 899 2535 τὰ
924 2481 954 2536 ἐκ
976 2489 1026 2535 τοῦ
1048 2478 1188 2549 τρίποδος.
1226 2482 1262 2535 Μ.
1282 2481 1371 2536 Varro
1395 2482 1516 2537 tradidit
1539 2484 1569 2537 in

332 2557 431 2613 Cilicia
458 2560 533 2629 apud
557 2560 692 2631 oppidum
715 2561 831 2616 (lescum
855 2560 949 2632 (lectio
969 2561 1087 2631 incerta)
1106 2561 1196 2614 rivum
1213 2562 1298 2616 fluere
1317 2561 1429 2615 nomine
1449 2562 1569 2631 ‘Nuus',

331 2656 381 2705 „ex
399 2656 452 2709 quo
471 2640 620 2695 bibentium
638 2642 793 2697 sabtiliores
811 2658 905 2697 scmus
923 2642 1016 2710 ilerd,
1035 2641 1106 2695 Plin.
1126 2641 1161 2695 N.
1176 2642 1203 2697 h.
1218 2641 1308 2695 XXXI
1322 2648 1347 2708 2,
1364 2648 1404 2695 12.

261 2782 371 2847 Nudo
409 2806 568 2869 corpore
605 2786 765 2869 supplices
798 2788 833 2851 in
868 2786 1046 2871 Trophonii
1085 2790 1213 2851 antrum
1251 2787 1440 2853 descendere
1476 2789 1570 2853 nobis

262 2880 362 2944 tradit
385 2880 483 2946 schol.
506 2882 547 2945 ad
570 2880 625 2946 Ar.
648 2881 733 2949 Nub.
749 2881 889 2970 50812).
1143 2900 1159 2935 ε

332 3022 372 3075 De
400 3021 530 3077 nuditate
561 3024 637 3093 apud
668 3023 770 3078 multos
800 3024 919 3094 populos
951 3024 1008 3079 ritu
1036 3023 1191 3093 constituta
1214 3043 1238 3078 v.
1263 3024 1415 3079 Weinhold
1441 3026 1494 3079 Zur
1517 3026 1570 3080 Ge-

331 3100 457 3155 sohiohte
477 3101 525 3156 des
549 3102 732 3158 heidnisohen
755 3104 854 3171 Ritus,
878 3104 951 3158 Abh.
972 3103 998 3158 d.
1018 3104 1091 3159 Berl.
1111 3104 1163 3159 Ah.
1184 3104 1210 3159 d.
1228 3104 1312 3159 Wiss.
1333 3110 1402 3160 1896
1421 3106 1568 3176 phit-hist.

211 3180 215 3186 '
330 3180 374 3235 Kl.
391 3185 486 3235 1-50.
521 3182 555 3237 of.
574 3202 601 3252 p.
617 3189 646 3239 ὃς
672 3184 761 3251 „Hier
788 3186 913 3253 kudpfea
934 3186 992 3239 είσλ
1017 3186 1089 3240 auch
1116 3186 1160 3239 die
1181 3186 1324 3241 bruchen
1350 3188 1571 3243 ocltetrtmb'chco

330 3262 457 3315 Brduchc
476 3277 526 3328 οτι,
546 3263 590 3317 dic
612 3264 668 3329 auf
686 3264 765 3317 σιύιιι
787 3264 950 3319 Είιιθίίοίτ
972 3266 1011 3318 ι’νι
1034 3266 1089 3320 ιλιι
1106 3265 1259 3331 Zutuaft
1280 3283 1306 3319 ιι.
1332 3265 1376 3320 ιλιι
1398 3268 1570 3323 Ετίτικκλυιε

329 3342 559 3409 μιλιιυιυίευολίον
573 3342 800 3414 Ενεολιιίυκκμινι
813 3344 907 3411 καίτοι,
921 3344 981 3397 racd
995 3344 1038 3397 eei
1051 3343 1139 3399 άιυιυ
1151 3341 1196 3398 dic
1209 3346 1244 3398 Ν
1245 3346 1376 3400 acbthei
1380 3353 1391 3401 t
1404 3346 1569 3419 Forderunp

330 3422 392 3475 ist.“
430 3420 567 3474 Sellorum
596 3438 707 3491 quoque
733 3420 928 3493 ἀνυποδησίαν
953 3422 1030 3484 illius
1057 3422 1128 3478 ritus
1154 3423 1304 3493 vestigium
1328 3426 1462 3494 praebere
1487 3429 1570 3496 putat

331 3499 492 3554 Duemmler
510 3500 610 3557 Philol.
632 3508 700 3556 1897
719 3521 745 3572 p.
762 3509 785 3557 6.
824 3503 865 3557 De
887 3501 971 3557 nudis
996 3502 1105 3572 pueris,
1131 3503 1180 3573 qui
1203 3506 1316 3557 taurum
1334 3504 1364 3558 in
1382 3508 1494 3559 antrum
1512 3507 1569 3576 Ny-

333 3596 429 3633 saeum
461 3580 603 3635 ducebant
637 3600 661 3637 v.
685 3599 770 3651 supra
799 3601 825 3651 p.
847 3588 888 3639 21.
936 3584 1085 3651 Sacerdos,
1113 3600 1185 3653 quae
1218 3583 1249 3638 in
1283 3584 1423 3655 Apollinis
1456 3603 1570 3641 nemore

330 3659 460 3729 Epirensi
479 3660 661 3716 dracontibus
681 3678 772 3717 escam
786 3663 950 3731 praebebat,
969 3666 1031 3718 erat
1048 3664 1139 3735 γυμνή
1157 3662 1317 3732 παρθένος,
1337 3666 1397 3720 Ael.
1411 3667 1439 3721 h.
1452 3683 1476 3721 a.
1491 3668 1529 3721 XI
1544 3675 1567 3721 2.

330 3741 413 3794 Nudo
433 3757 546 3809 corpore
563 3741 738 3812 Strepsiades
757 3742 875 3811 adytum
893 3742 990 3811 intrat,
1017 3744 1051 3797 of.
1070 3743 1213 3798 Dieterioh
1227 3746 1297 3798 Mus.
1313 3746 1402 3801 Rhen.
1417 3751 1451 3800 48
1465 3766 1492 3816 p.
1507 3753 1568 3802 277.

332 3820 432 3874 Nudae
450 3820 576 3875 mulieris
596 3824 691 3875 statua
710 3838 744 3876 ex
763 3838 827 3876 aere
841 3822 919 3877 facta
931 3822 961 3875 in
975 3824 1069 3894 Auges
1083 3824 1191 3878 tumulo
1206 3825 1393 3895 Pergameno,
1407 3825 1489 3882 Paus.
1504 3828 1570 3881 VIII

329 3905 355 3963 4,
371 3906 394 3952 9.
433 3899 512 3963 Quod
532 3900 569 3953 ad
592 3901 704 3971 magica
726 3902 863 3972 pertinet,
888 3902 923 3955 of.
943 3902 1032 3958 Wess.
1053 3902 1099 3957 Gr.
1119 3903 1169 3958 ZP.
1190 3910 1232 3971 21,
1247 3911 1280 3959 26
1291 3922 1345 3973 sq.:
1374 3907 1570 3976 πρααγνείσας

331 3976 356 4041 ζ’
376 3976 480 4046 ἡμέρας
498 3980 543 4048 (cf.
559 3987 606 4049 22,
622 3984 667 4051 52)
687 3980 778 4037 ἐλθὼν
796 3983 851 4051 πρὸ
869 3990 919 4051 τῆς
938 3982 1052 4052 σελήνης
1070 3984 1110 4045 είς
1127 3981 1215 4039 τόπον
1234 3983 1500 4054 ἀπογυμνωθείς
1513 3990 1568 4041 κτλ.

331 4056 368 4111 ib.
385 4062 561 4127 25,174sq.:
581 4060 766 4131 κατακλίθητι
784 4062 843 4117 σ’ίνοι
859 4060 967 4134 βλέπων
986 4062 1033 4116 ἐπὶ
1045 4062 1097 4131 τήν
1117 4060 1234 4117 σινδόνα
1252 4062 1386 4134 γυμνός.
1414 4065 1452 4119 ib.
1468 4072 1511 4135 22,
1526 4072 1568 4122 89.

334 4136 487 4191 Weinhold
505 4138 523 4193 I.
540 4157 561 4193 c.
577 4158 604 4209 p.
619 4146 654 4193 46
665 4158 724 4209 sqq.
762 4142 840 4197 RIess
858 4142 947 4197 P.·W.
968 4160 987 4196 s.
1008 4160 1031 4198 v.
1051 4143 1164 4213 Abergl.
1179 4162 1207 4213 p.
1223 4150 1265 4212 35,
1275 4151 1301 4199 4.
1400 4164 1405 4172 ·

349 4334 374 4402 1)
393 4332 474 4387 Paus.
490 4332 528 4386 IX
543 4339 585 4401 39,
601 4340 629 4389 8:
650 4334 776 4391 ἐνταῦθα
796 4336 830 4405 δή
856 4337 908 4407 χρὴ
927 4346 1003 4392 πιεῖν
1021 4339 1108 4394 αὐτὸν
1127 4338 1227 4411 Λήθης
1244 4341 1274 4395 τε
1292 4338 1369 4410 ὕδωρ
1389 4342 1570 4413 καλούμενον,

259 4410 308 4468 ἴνα
327 4412 401 4483 λήθη
428 4412 543 4484 γένηταί
566 4414 593 4468 οὶ
616 4413 730 4471 πάντων
753 4414 857 4479 ἃτέως
876 4417 1033 4487 ἐφρόντιζε,
1055 4420 1104 4473 καὶ
1127 4419 1173 4474 ἐπὶ
1195 4423 1265 4493 τῷδε
1289 4420 1355 4475 ἄλλο
1380 4418 1467 4485 αὖθις
1494 4422 1569 4492 ὕδωρ

257 4490 334 4546 πίνει
353 4493 551 4563 Μνημοσύνης,
571 4494 627 4549 ἀπὸ
646 4495 747 4550 τούτου
765 4514 794 4549 τε
813 4498 982 4566 μνημονεύει
999 4497 1034 4551 vd
1053 4498 1183 4568 ὀφθέντα
1201 4501 1229 4554 οἱ
1247 4500 1410 4573 καταβάντι.

347 4575 373 4643 2)
392 4572 451 4627 ἐκεῖ
467 4573 507 4644 (in
524 4577 604 4629 antro
619 4574 826 4647 Trophoniano)
845 4572 897 4632 obv
912 4577 940 4632 ol
958 4578 1110 4648 proriperet
1124 4578 1294 4648 καθέζονται
1309 4581 1354 4637 ἐπὶ
1368 4591 1419 4637 τοῦ
1434 4582 1570 4653 στόματος

258 4648 369 4723 γυμνοί,
388 4654 437 4709 καί
455 4653 627 4723 ἁρπάζονται
645 4659 702 4711 κτλ.
