3550 5317
294 316 337 379 52
860 311 951 381 Caput
968 311 1014 364 HI.

294 478 350 561 qui
373 476 490 541 Terrae
514 477 595 540 iram
618 476 721 559 possit
744 475 878 559 placare.
924 472 1004 537 Adit
1027 496 1099 538 eum
1123 496 1203 557 puer
1224 472 1358 558 Apollo;
1385 472 1469 536 ridet
1496 476 1596 558 pater,

293 574 406 638 adnuit
428 574 539 658 filiolo,
562 572 678 639 Terrae
701 573 879 657 phasmatis
904 572 1066 655 oppressis
1094 571 1232 635 honores
1256 571 1286 634 ei
1308 569 1426 634 reddit:
1454 570 1495 633 iis
1518 574 1597 633 tem-

292 672 435 755 poribus,
458 671 575 755 quibus
598 670 744 755 Iuppiter
762 692 907 735 summus
927 674 995 733 erat
1013 669 1099 753 deus,
1122 668 1231 732 fabula
1250 668 1288 732 de
1307 665 1469 751 Apollinis
1488 687 1596 751 pugna

291 769 449 852 Delphica
472 769 536 833 alio
559 770 655 833 modo
680 768 845 832 terminari
867 790 935 831 non
956 763 1106 851 potuit1).

381 866 461 931 Cum
488 867 609 950 hymno
639 867 733 931 initio
762 865 896 949 capiluli
928 864 1184 949 comparavimus
1216 885 1344 927 carmen
1374 862 1596 945 Euripideum,

292 965 368 1047 quia
389 986 494 1048 neque
516 968 705 1049 argumento
735 985 838 1046 neque
866 963 971 1026 forma
997 962 1137 1026 multum
1163 984 1182 1025 a
1210 961 1404 1025 carminibus
1432 960 1595 1023 hieraticis

291 1062 325 1126 in
344 1062 394 1126 dei
414 1062 550 1147 gloriam
570 1060 758 1145 compositis
777 1061 906 1124 videtur
924 1060 1059 1124 differre.
1092 1058 1200 1143 Atque
1220 1060 1283 1123 iam
1301 1059 1465 1123 Bruhnius
1484 1081 1514 1141 p.
1531 1057 1595 1120 155

291 1182 307 1223 e
331 1159 477 1223 versibus
503 1159 588 1224 1262
598 1156 705 1245 sqql),
729 1158 848 1242 quippe
873 1158 929 1241 qui
952 1156 1094 1221 fabulam
1118 1158 1318 1222 continerent
1337 1179 1356 1219 a
1375 1155 1594 1221 sacerdotibus

291 1256 457 1339 Delphicis
480 1257 598 1341 fictam,
621 1256 779 1320 conclusit
801 1256 991 1337 Euripidem
1015 1255 1145 1340 aliquod
1164 1278 1290 1319 carmen
1315 1277 1440 1319 sacrum
1463 1254 1594 1336 Delphi-

292 1374 365 1416 cum
388 1352 550 1417 imitatum
573 1374 643 1416 esse
666 1352 826 1435 additque,
850 1352 882 1413 id
907 1353 993 1434 quod
1014 1352 1282 1417 Wilamowitzius
1305 1373 1377 1416 cum
1398 1375 1434 1417 eo
1456 1373 1593 1416 commu-

288 1450 418 1535 nicavit,
437 1451 570 1514 eandem
588 1472 656 1514 rem
676 1448 810 1513 indicari
829 1453 933 1513 metro
953 1450 1047 1532 plane
1062 1451 1226 1535 singulari.
1259 1450 1377 1516 Nescio
1395 1473 1436 1513 an
1456 1454 1595 1514 statuen-

287 1722 354 1783 χαῑα
373 1713 417 1767 vel
436 1714 540 1768 rectius
560 1718 634 1767 Γαῖα
652 1713 756 1766 mutari
775 1729 831 1766 non
849 1716 952 1782 potest,
971 1712 1039 1780 quia
1058 1713 1164 1782 optime
1183 1730 1212 1767 se
1238 1712 1394 1782 excipiunt,
1418 1729 1491 1781 quae
1509 1729 1594 1781 supra

286 1792 358 1862 legis
378 1799 446 1846 1259
457 1811 530 1862 sqq.:
552 1790 639 1861 Θέμιν
658 1789 685 1845 δ’
707 1792 812 1865 ἐπ<ε>ί
831 1797 901 1855 Γᾶς
919 1793 970 1848 ἰὼν
988 1791 1082 1847 παῖδ’
1104 1790 1275 1848 άπενάσσατ’
1289 1790 1468 1865 Ἀττί<ίίων>
1484 1790 1592 1857 ζαθέων

287 1870 471 1941 χρηστηρίων,
491 1876 610 1941 atquae
629 1871 704 1925 infra
722 1875 853 1926 secuntur
874 1879 941 1926 1267
952 1891 1026 1942 sqq.:
1047 1877 1134 1926 Γαῖα
1152 1872 1184 1927 a
1203 1882 1334 1942 μαντείου
1358 1870 1486 1941 άφείίετο
1510 1871 1592 1941 τιμάν

288 1954 392 2023 Φοῖβον
416 1950 517 2025 φθόνῳ
536 1949 716 2022 θυγατρός.
755 1956 829 2007 Γαῖα
848 1956 892 2006 est
910 1952 1053 2007 Themidis
1072 1955 1163 2006 mater
1180 1969 1271 2021 neque
1294 1968 1359 2007 vero
1382 1951 1485 2019 Χθὼν,
1507 1968 1593 2020 quam

285 2030 315 2083 in
334 2032 386 2085 hoc
410 2032 533 2085 carmine
552 2048 569 2085 a
588 2031 674 2085 Terra
693 2032 813 2085 discerni
831 2033 889 2085 iam
909 2049 994 2100 supra
1011 2031 1176 2086 monuimus.
1209 2032 1308 2100 Neque
1326 2030 1497 2085 Weckleinii
1518 2033 1592 2084 stare

284 2114 380 2180 potest
410 2111 564 2179 sententia,
588 2110 650 2180 qui,
675 2129 845 2180 quamquam
867 2114 977 2166 textum
999 2130 1055 2166 non
1079 2112 1190 2182 attigit,
1209 2114 1305 2165 tamen
1327 2111 1356 2164 in
1381 2114 1520 2181 apparatu
1541 2129 1592 2179 pro

286 2196 360 2244 Γαῖα
379 2191 410 2245 δὲ
429 2224 463 2232 -
479 2190 523 2246 ἀεὶ
542 2190 693 2261 legendum
711 2192 849 2262 proponit.
878 2192 953 2261 Ergo
969 2196 1042 2246 Γαῖα
1061 2191 1092 2245 δὲ
1110 2192 1301 2259 retinendum
1316 2210 1340 2247 v.
1357 2197 1425 2244 1267
1445 2192 1497 2245 hoc
1510 2207 1592 2259 prae·

285 2272 335 2326 bet
354 2272 478 2326 schema:
496 2318 510 2325 -
525 2318 539 2324 -
558 2275 562 2341 Ι
579 2317 594 2324 -
610 2317 626 2325 -
642 2275 647 2341 Ι
664 2318 680 2324 -
694 2317 710 2325 -
727 2274 731 2342 Ι
747 2316 764 2325 -
778 2274 797 2324 ο
809 2298 834 2326 υ,
864 2270 990 2335 Quocum
1004 2272 1160 2326 consentire
1180 2272 1266 2325 debet
1283 2291 1306 2326 v.
1324 2277 1406 2339 12423
1425 2272 1501 2339 quod
1515 2270 1592 2324 haud

284 2351 328 2405 Ita
347 2351 474 2406 difficile:
494 2350 583 2420 μάτηρ
603 2367 637 2405 ex
656 2350 760 2419 ματέρα
783 2350 894 2405 videtur
915 2354 1078 2420 corruptum
1096 2352 1141 2421 (cf.
1161 2351 1286 2406 Jacobsii
1312 2354 1341 2405 et
1363 2350 1461 2404 Weilii
1484 2350 1591 2404 coniec-

284 2435 362 2484 turas
381 2432 457 2499 apud
475 2429 707 2502 Weckleinium)‚
726 2432 801 2500 quod
822 2430 897 2499 apud
917 2430 1073 2484 Bruhnium
1090 2431 1149 2484 iam
1166 2431 1238 2500 legis
1257 2430 1286 2483 in
1305 2432 1399 2496 textu,
1420 2447 1591 2498 quamquam

284 2511 358 2564 unde
378 2511 529 2579 sumpserit
546 2528 602 2565 non
620 2510 707 2577 vides,
726 2527 789 2563 cum
807 2510 838 2563 in
857 2513 996 2580 apparatu
1015 2510 1113 2564 critico
1131 2510 1173 2563 nil
1192 2510 1316 2564 adnotet.
1355 2509 1428 2560 Illud
1443 2507 1548 2577 ματέρα
1567 2509 1592 2561 si

283 2590 418 2659 postrata
436 2607 533 2659 ponas,
552 2590 684 2659 legantur
702 2590 784 2644 haec:
805 2588 949 2643 ἀστάκτων
972 2588 1083 2644 ὑδάτων
1105 2588 1158 2643 τάν
1180 2587 1285 2657 ματέρα
1309 2587 1501 2658 βακχεύουσαν
1520 2594 1588 2642 Διο-

286 2670 359 2743 νύσῳ
378 2669 543 2738 Παρνάσιον
561 2667 698 2737 κορυφάν.
737 2669 855 2721 Schema
873 2668 962 2736 igitur
979 2668 1045 2722 hoc:
1060 2714 1077 2720 -
1092 2714 1107 2720 -
1125 2671 1129 2736 Ι
1146 2714 1160 2721 -
1175 2687 1211 2721 Q
1227 2670 1231 2738 Ι
1247 2714 1263 2720 -
1279 2670 1350 2737 -1-
1363 2694 1407 2721 w.

373 2762 398 2827 1)
417 2758 517 2826 Itaque
536 2756 622 2811 etiam
641 2756 716 2825 apud
735 2756 833 2811 Aeseh.
853 2756 932 2810 Eum.
950 2762 981 2809 17
991 2773 1050 2823 sqq.
1078 2756 1206 2825 Iuppiter
1224 2756 1286 2825 ipse
1299 2756 1459 2825 Apollinem
1473 2756 1590 2826 Delphis

282 2838 446 2908 inaugurat:
464 2835 562 2908 τέχνης
581 2834 613 2891 δέ
631 2858 677 2892 υιν
699 2837 767 2898 Ζεὺς
781 2835 882 2891 ἔνθεον
904 2833 999 2898 κτίσας
1017 2834 1108 2905 φρένα
1125 2840 1129 2905 Ι
1146 2835 1195 2901 {Zaa
1220 2834 1352 2906 τέταρτον
1373 2838 1466 2890 τοῖσδε
1489 2835 1590 2905 μάντιν

283 2918 313 2972 έν
335 2916 463 2987 θρόνοις·
486 2919 489 2990 l
511 2918 580 2980 Διὸς
603 2916 750 2987 προφήτης
772 2913 800 2969 δ’
827 2914 883 2969 ἐστὶ
906 2913 1009 2981 Λοξίας
1035 2915 1148 2985 πατρός.
1178 2916 1212 2970 cf.
1236 2916 1340 2971 Himer.
1355 2933 1394 2971 or.
1409 2915 1473 2969 XIV
1489 2923 1522 2969 10
1546 2919 1589 2986 (ex

281 2997 448 3067 paraphrasi
467 2996 584 3067 paeanis
602 2996 724 3066 Alcaei):
749 2994 794 3049 ὅτε
813 2992 950 3050 Ἀπόλλων
969 2993 1091 3065 έχένετο,
1109 2995 1249 3065 κοσμήσας
1267 2996 1354 3051 αὐτὸν
1373 2996 1388 3050 ὁ
1410 2996 1493 3058 Ζεὺς.
1511 3040 1516 3050 .
1533 2996 1590 3057 ,εἰς

282 3080 410 3146 Δελφοὺς
428 3075 531 3145 πέμπει
549 3078 598 3130 καί
617 3074 774 3138 Κασταλίας
792 3074 917 3143 νάματα,
937 3076 1048 3130 ἐκεῖθεν
1073 3077 1303 3145 προφητεύσοντα
1326 3073 1410 3143 δίκην
1432 3076 1481 3130 καὶ
1503 3073 1588 3142 θέμιν

281 3166 340 3219 τοῖς
356 3155 499 3226 Ἕλλησιν.
536 3175 561 3210 v.
585 3156 671 3210 etiam
694 3154 819 3208 Bulletin
843 3156 877 3209 de
904 3172 972 3209 corr.
1000 3154 1065 3207 hell.
1094 3161 1163 3209 1894
1188 3174 1215 3225 p.
1230 3161 1291 3224 352,
1308 3161 1401 3224 18sq.:
1429 3155 1456 3225 ὁ]
1484 3154 1515 3208 δὲ
1540 3157 1587 3223 (sc.

281 3235 393 3306 Apollo)
412 3235 481 3307 χέχα
497 3237 500 3308 l
516 3235 561 3302 θ’,
581 3234 623 3290 ὅτι
642 3232 723 3308 [ν]όφ
741 3233 919 3306 δε[ξ]άμενος
936 3231 1081 3306 άμβρόταν
1099 3235 1181 3306 Δ[ιὸς
1199 3234 1304 3306 έπέχνω
1324 3233 1429 3305 φρέν’]
1458 3235 1509 3288 Cui
1527 3234 1587 3288 Ioco

281 3317 399 3370 adnotat
417 3315 536 3369 Weilius
550 3334 577 3385 p.
593 3321 658 3370 354:
677 3316 816 3383 „D’uprts
833 3316 863 3369 Ia
880 3314 1002 3369 doctriua
1019 3315 1053 3367 de
1070 3314 1197 3383 Delphos,
1214 3316 1335 3385 Apolton
1356 3322 1395 3368 est
1413 3316 1437 3368 le
1454 3315 1589 3381 confident

280 3403 305 3450 et
323 3396 485 3465 z‘ioterpre‘te
503 3397 535 3451 de
555 3397 583 3451 la
596 3397 694 3465 pease'e
711 3396 745 3450 de
762 3396 859 3449 Zeus(

369 3489 396 3555 2)
405 3485 488 3555 νύχια
498 3484 586 3538 Χθὼν
597 3484 764 3538 ἐτεκνώσατο
775 3481 900 3552 φάσματ’
918 3480 1043 3553 ὀνείρων,
1055 3482 1083 3537 οἳ
1095 3483 1252 3556 πολέσκν>
1268 3480 1396 3551 μερόπων
1403 3482 1438 3536 τά
1448 3502 1477 3536 τε
1490 3491 1586 3550 πρῶτα

280 3568 313 3633 (v.
334 3565 432 3618 dehis
451 3564 543 3619 verbis
561 3563 658 3633 infraq
677 3563 712 3617 τά
730 3561 756 3617 τ’
778 3561 870 3617 ἔπειθ’
893 3561 936 3617 do’
958 3563 1049 3632 έμείίε
1067 3572 1160 3634 τυχεῖν
1178 3561 1269 3617 ὕπνον
1287 3561 1359 3617 κατὰ
1379 3561 1519 3633 δνοφερὰς
1537 3570 1588 3632 γᾶς

282 3645 365 3707 εὐνὰς
383 3645 513 3715 ἔφραζον.
542 3644 637 3715 Negat
650 3642 790 3697 Bruhnius
809 3643 853 3696 his
868 3642 994 3696 versibus
1009 3643 1220 3697 incubationem
1233 3641 1353 3695 indicari
1368 3644 1434 3695 ante
1447 3641 1586 3709 Apollinis

280 3725 432 3779 adventum
450 3726 594 3792 usitatam,
613 3740 686 3792 qnae
705 3725 748 3777 est
766 3722 870 3776 Rohdii
889 3723 1031 3776 sententia
1049 3724 1093 3792 (cf.
1113 3722 1383 3791 Psyche¹1158,1).
1420 3721 1453 3774 Id
1471 3720 1585 3787 quidem

281 3807 387 3858 certum
406 3804 549 3860 exstitisse
568 3804 635 3858 olim
653 3802 769 3872 Delphis
789 3802 934 3856 oraculum
952 3803 1119 3857 chthonium
1136 3818 1228 3871 neque
1247 3801 1382 3870 intellego
1402 3799 1585 3869 Stengelium,

279 3884 328 3951 qui
342 3885 397 3938 hoe
411 3900 522 3953 quoque
537 3883 701 3953 ambiguum
716 3898 777 3936 esse
790 3884 872 3951 putet
887 3881 1067 3952 (Kultusalt.¹
1079 3902 1106 3953 p.
1119 3885 1214 3951 31).-
1226 3880 1271 3933 Ad
1290 3880 1375 3934 verba
1392 3877 1427 3933 τά
1447 3898 1477 3933 τε
1489 3888 1586 3948 πρῶτα

278 3964 418 4017 Bruhnius
437 3965 490 4018 hoc
510 3964 641 4019 adnotat:
660 3963 750 4031 „‘das,
768 3979 826 4017 was
843 3968 933 4016 suerat
955 3962 1111 4017 decorateht'
1136 3961 1238 4015 erkldrt
1265 3977 1343 4026 ικαω,
1367 3960 1409 4014 als
1432 3960 1508 4015 Iiesse
1529 3961 1587 4014 sich

278 4044 323 4096 eia
342 4044 453 4115 Repriff
466 4045 517 4099 rote
537 4043 745 4099 ‘decorateheud’
765 4058 794 4097 so
814 4042 927 4113 teltebrp
944 4048 1084 4113 τυράννου.
1120 4040 1222 4095 Gewiss
1235 4040 1272 4094 ιὀι
1289 4040 1334 4093 die
1347 4038 1428 4095 Stella
1445 4040 1586 4108 empta

278 4122 352 4174 Illud
373 4122 599 4176 ‘beverstehend'
619 4139 676 4176 non
694 4140 764 4192 opus
784 4124 826 4176 est
847 4122 891 4175 ‘ut
904 4121 993 4175 lubet’
1010 4120 1148 4190 supplere,
1168 4136 1231 4172 cum
1244 4118 1274 4171 in
1287 4121 1368 4173 textu
1381 4118 1445 4189 ipso
1459 4119 1582 4193 legatum

277 4202 363 4255 verba
383 4200 424 4255 ὅτ’
448 4201 537 4271 Apelle
555 4211 648 4272 τυχεῖν
667 4220 723 4256 non
741 4204 853 4255 tanturn
872 4201 909 4255 ad
927 4200 962 4254 τά
980 4199 1005 4253 τ’
1027 4197 1122 4254 ἔπειθ’
1139 4198 1289 4268 pertinent,
1310 4199 1463 4253 sedetiam
1481 4200 1517 4253 ad
1537 4215 1585 4251 an-

277 4281 436 4337 tecedentia
454 4282 489 4335 τά
507 4300 536 4336 τε
554 4291 649 4350 πρῶτα
669 4284 716 4351 (sc.
737 4278 779 4336 ὅσ’
802 4281 892 4350 έμείίε
910 4282 1022 4350 τυχεῖν).
1050 4278 1168 4332 Bruhnii
1183 4278 1346 4334 coniectura
1358 4280 1510 4350 legendum
1525 4294 1585 4332 esse

276 4362 311 4416 τά
325 4361 349 4416 τ’
365 4362 447 4417 έόυτα
457 4362 623 4432 (secundum
636 4362 699 4417 Eur.
710 4361 772 4416 Hel.
785 4366 817 4415 13
827 4379 867 4429 sq.
879 4360 926 4431 [cf.
935 4360 965 4413 II.
975 4359 1000 4412 A
1011 4360 1066 4431 70])
1086 4376 1294 4428 supervacanea
1311 4359 1382 4414 mihi
1402 4359 1514 4414 videtur
1531 4374 1583 4411 nec

276 4442 368 4495 minus
388 4442 463 4510 quod
488 4440 681 4495 Weckleinius
699 4441 843 4511 proponitz
864 4439 883 4493 ἃ
901 4437 1038 4508 πέπρωτο.
1076 4438 1128 4492 Est
1146 4438 1221 4493 enim
1244 4440 1297 4493 hoc
1321 4439 1445 4493 Graecae
1469 4438 1584 4508 linguae

278 4522 423 4590 proprium
446 4521 575 4592 partibus
599 4521 753 4591 exprimere
776 4538 842 4575 rem.
869 4553 900 4560 -
927 4518 1057 4573 Ceterum
1082 4536 1145 4572 cnm
1170 4518 1286 4588 reipsa
1311 4518 1430 4572 fortasse
1458 4517 1582 4571 conferre

279 4602 355 4670 licet,
369 4618 442 4669 quae
456 4602 528 4672 legis
543 4602 619 4671 apud
633 4601 764 4657 Philostr.
776 4601 809 4657 V.
820 4600 912 4670 Apoll.
923 4599 988 4653 VIII
999 4604 1048 4668 lp.
1058 4605 1118 4666 314,
1129 4605 1163 4653 20
1173 4599 1219 4655 K:
1235 4600 1298 4652 θεοί
1312 4597 1363 4667 μὲν
1376 4597 1429 4669 γάρ
1444 4596 1583 4666 μελλόν-

276 4701 354 4747 των,
374 4681 522 4750 ἅνθρωποι
542 4681 573 4736 δέ
592 4681 772 4753 χιχνομένων,
791 4682 875 4750 σοφοί
894 4677 925 4734 δὲ
943 4677 1158 4747 προσιόντων
1176 4678 1371 4733 αἰσθάνονται.
