3550 5317
279 295 321 359 98
853 295 943 363 Caput
959 295 1005 347 IV.

276 458 394 522 victuri
422 461 514 521 erant
540 455 776 544 recepemnt¹);
808 457 927 543 pagani
954 479 1075 543 mores,
1108 478 1188 540 quos
1217 457 1420 542 exstinguere
1449 455 1584 521 ecclesia

277 579 342 619 non
365 559 501 640 poterat,
523 559 613 620 veste
636 555 811 619 christiana
832 556 910 620 tecti
933 555 1095 641 vigebant,
1118 555 1307 639 praesertim
1334 577 1407 618 cum
1430 555 1496 618 iam
1519 552 1584 618 illis

276 653 477 738 temporibus
506 652 657 718 ecclesiae
681 653 867 720 stomachus
891 652 1088 717 credentium
1105 652 1194 716 haud
1212 656 1373 717 recusaret
1390 651 1584 717 nummulos.

828 830 858 894 4.
886 830 1038 895 Thecla.

367 936 398 1002 S.
417 936 554 1001 Theclae
578 959 705 1020 quoque
729 938 901 1000 traduntur
923 936 1079 1001 miracula
1101 936 1159 1020 iis,
1183 957 1264 1019 quae
1288 937 1348 1001 sub
1371 937 1393 1008 2
1416 940 1448 1000 et
1471 936 1492 1000 3
1515 958 1584 1021 per-

277 1037 486 1100 lustravimus
509 1036 695 1120 pcrsimilia.
743 1033 941 1118 Conscripsit
969 1035 1054 1099 enim
1086 1033 1226 1098 Basilius
1260 1034 1390 1118 quidam
1424 1032 1586 1108 Seleuciae

278 1134 448 1219 episcopus
471 1132 574 1196 libros
599 1132 637 1197 de
660 1133 727 1197 vita
750 1154 787 1196 ac
813 1132 978 1196 miraculis
1001 1131 1138 1196 Theclae
1161 1130 1290 1218 δασεῖ),
1318 1153 1455 1214 quorum
1483 1131 1584 1207 altero

278 1232 317 1295 de
350 1230 569 1296 curationibus
601 1230 700 1294 refert
732 1230 868 1312 aliisque
901 1229 1065 1294 miraculis
1092 1251 1112 1291 a
1140 1233 1251 1293 sancta
1281 1233 1423 1312 martyre
1455 1229 1585 1311 effectis,

179 1357 180 1361 ¹
278 1351 358 1412 quae
378 1351 450 1392 cum
473 1327 549 1412 Cyri
567 1326 762 1410 Ioannisque
783 1326 917 1391 Cosmae
934 1327 1150 1410 Damianique
1169 1327 1392 1391 sanctionibus
1411 1347 1585 1410 congruere

279 1427 384 1511 primo
409 1426 526 1490 obtutu
550 1425 704 1489 clarescit.
750 1424 892 1488 Basilius
923 1425 979 1489 ille
1005 1423 1057 1490 vel
1085 1425 1140 1507 qui
1163 1424 1227 1488 fuit
1253 1423 1412 1489 librorum
1441 1420 1586 1509 auctorss)

279 1523 406 1606 Thecla,
430 1545 527 1606 quam
551 1523 681 1606 quidem
704 1523 768 1607 ipsi
796 1521 960 1587 Seleuciae
988 1521 1112 1587 incolae
1139 1522 1388 1605 venerabantur,
1416 1521 1509 1604 quasi
1532 1542 1586 1604 pa

278 1624 372 1684 trona
396 1642 454 1686 sua
476 1621 580 1684 utitur
603 1623 700 1702 atque
723 1620 757 1683 in
780 1620 873 1685 libris
897 1619 1127 1703 componendis
1151 1641 1224 1682 cum
1247 1618 1435 1704 languescit,
1459 1641 1478 1682 a
1503 1640 1586 1693 mar.-

276 1721 348 1802 tyre
371 1717 458 1782 haud
481 1739 572 1784 secus
595 1718 785 1782 admonetur
809 1721 905 1802 atque
928 1716 1088 1782 Aristides
1111 1717 1222 1781 rhetor
1245 1717 1285 1781 ab
1308 1709 1585 1801 Aesculapio-suo

277 1816 353 1878 dum
377 1837 483 1880 sacras
503 1837 577 1879 suas
597 1815 770 1880 conscribit
789 1816 960 1880 orationes.
997 1815 1136 1880 Omnino
1156 1819 1297 1879 statuere
1315 1815 1390 1878 licet
1412 1815 1585 1879 maximam

279 1913 477 1977 intercedere
509 1913 544 1976 in
573 1913 710 1998 singulis
741 1935 869 1997 quoque
899 1913 1144 1977 similitudinem
1174 1913 1259 1976 inter
1288 1934 1399 1977 omnes
1429 1913 1585 1976 eiusmodi

277 2010 434 2096 homines,
458 2010 513 2093 qui
537 2010 632 2074 deum
656 2011 814 2093 quendam
833 2033 892 2095 pro
912 2012 1015 2075 amico
1035 2014 1067 2075 et
1086 2011 1270 2076 consultore
1287 2008 1484 2097 haberent4).
1522 2008 1585 2074 Sed

276 2108 462 2173 accedamus
486 2108 526 2172 ad
549 2108 620 2193 ipsa
643 2108 805 2173 miracula.

370 2275 396 2344 1)
414 2273 567 2327 Divinandi
586 2273 641 2344 vis,
661 2292 832 2343 quamquam
851 2275 988 2329 eiusmodi
1013 2278 1124 2330 sanctos
1147 2275 1242 2329 omnia
1265 2274 1336 2329 scire
1359 2277 1584 2343 consentaneum,

277 2354 421 2422 perlucere
439 2353 552 2408 videtur
575 2354 605 2407 in
628 2354 688 2408 mir.
705 2355 879 2424 62,3641B,
903 2355 953 2409 ubi
976 2356 1130 2425 Rhodopae
1153 2355 1265 2409 mulieri
1289 2358 1408 2410 mortem
1430 2354 1457 2409 ei
1480 2355 1585 2408 instare

276 2433 457 2502 praedicitur.
1483 2496 1486 2498 .

366 2515 393 2582 λ)
412 2513 513 2567 Basilii
537 2513 681 2569 Seleuciae
706 2514 737 2566 in
759 2515 866 2568 Isauria
890 2515 1015 2585 episcopi
1039 2517 1074 2570 de
1097 2515 1158 2571 vita
1186 2533 1219 2569 ac
1247 2514 1391 2569 miraculis
1415 2515 1440 2567 d.
1465 2513 1585 2568 Theclae

277 2592 393 2663 virginis
412 2594 544 2662 martyris
562 2593 716 2647 Iconiensis
735 2594 801 2667 libri
821 2595 884 2662 duo,
904 2596 1075 2664 Antverpiac
1095 2601 1171 2649 1608.

367 2677 393 2743 3)
413 2673 494 2738 Quod
511 2674 588 2727 haud
608 2674 677 2727 satis
697 2676 772 2728 certe
791 2677 917 2741 constat;
935 2677 1032 2728 tamen
1046 2674 1197 2729 verisimile
1212 2678 1256 2729 est
1269 2675 1361 2743 quinti
1376 2674 1483 2729 saeculi
1500 2674 1584 2727 fuisse

278 2752 443 2821 scriptorem
462 2769 581 2821 eumque
601 2753 744 2808 Seleuciae
764 2754 927 2823 episcopum
945 2755 988 2808 vel
1007 2756 1210 2824 presbyterum.
1240 2755 1274 2808 cf.
1288 2755 1457 2809 Kochlerum
1471 2755 1501 2807 in
1514 2754 1584 2806 Mus.

277 2832 365 2886 Rhen.
383 2839 415 2886 14
435 2836 526 2903 (τετε)
544 2851 571 2902 p.
586 2838 647 2888 472.

371 2916 398 2983 4)
417 2912 565 2968 Putaveris
579 2913 713 2967 Aristidis
732 2913 873 2968 orationes
887 2931 982 2969 sacras
997 2918 1025 2970 tc
1039 2917 1141 2986 legere,
1161 2917 1185 2969 si
1199 2916 1311 2971 evolvas
1324 2915 1461 2970 Basiliam
1478 2932 1505 2983 p.
1521 2919 1584 2966 210:

278 2993 327 3048 καί
348 2989 428 3048 εἶπον
447 2991 498 3063 μέν
521 2992 591 3048 άττα
610 2993 650 3064 (in
669 2993 822 3064 concione·
842 2993 915 3048 οίιτω
934 2994 967 3049 δέ
972 3065 974 3069 .
984 3017 1031 3066 μοι
1049 2997 1101 3066 την
1119 3007 1198 3068 χεῖρα
1221 2999 1269 3052 καλ
1285 2995 1374 3066 χάριν
1395 2991 1586 3049 συνεπέδωκεν

278 3073 295 3142 ἡ
316 3073 433 3141 μάρτυς,
452 3074 489 3134 ὡς
507 3069 580 3128 εἶναί
598 3093 625 3127 τι
645 3075 717 3145 [καί]
737 3072 818 3139 δόξαι
836 3073 884 3129 καί
904 3075 1045 3145 εἰρηκέναι
1064 3075 1179 3147 μετρίως
1197 3077 1245 3130 καλ
1267 3079 1366 3142 θαῦμα
1389 3077 1516 3126 πλεῖστον
1540 3072 1586 3124 ἐπὶ

277 3153 376 3222 μηδενί
395 3155 548 3224 θαυμαστῷ
567 3163 622 3207 τῶν
641 3154 715 3222 ἐμῶν
734 3153 946 3225 ἀπενέγκασθαι
964 3154 1061 3224 λόγων.
1081 3158 1129 3209 καὶ
1147 3165 1196 3224 τῆς
1214 3155 1354 3222 ἱερατικῆς
1376 3150 1409 3205 δέ
1431 3170 1478 3218 μοι
1500 3169 1584 3204 κατα-

279 3228 410 3295 ξιωθέντι
429 3230 575 3300 γερουσίας
597 3234 645 3286 καλ
668 3241 717 3289 τοῦ
741 3231 898 3302 καταλόγου
920 3244 976 3289 τῶν
1000 3235 1177 3288 διδασκάλων
1201 3233 1248 3287 καλ
1271 3229 1367 3300 ἱερέων
1390 3239 1538 3299 συμπαρῆν
1556 3249 1585 3283 τε

278 3313 314 3373 ὡς
331 3310 366 3364 τά
385 3309 472 3364 πολλὰ
491 3313 538 3365 καί
563 3312 693 3381 νύκτωρ
713 3311 966 3384 ἐπιφαινομένη
985 3312 1093 3386 βιβλίον
1115 3311 1142 3367 τί
1161 3333 1207 3382 μοι
1225 3311 1338 3373 πάντως
1359 3309 1378 3380 ἢ
1396 3310 1499 3381 χάρτου
1518 3309 1585 3377 ι’ίρε-

279 3409 340 3460 γεν·
361 3387 376 3444 ὃ
394 3388 507 3454 πάντως
525 3411 572 3460 μοι
590 3390 717 3463 πλείστης
741 3393 944 3463 εὐδοκιμήσεως
962 3394 1100 3466 σύμβολον
1122 3387 1158 3462 ἦν
1181 3413 1210 3446 τε
1232 3394 1281 3446 καλ
1304 3390 1402 3446 ἐδόκει.
1441 3389 1585 3454 Quomodo

280 3473 379 3525 sancta
401 3473 508 3540 martyr
530 3471 560 3524 in
585 3471 734 3526 scribendo
758 3474 911 3528 admoneat
933 3477 1091 3542 auctorem,
1114 3473 1180 3529 vide
1210 3473 1248 3528 ib.
1268 3491 1294 3542 p.
1311 3477 1362 3525 178
1373 3490 1426 3540 sq.·.
1450 3470 1546 3534 ἔδοξεν
1567 3468 1585 3537 rt

280 3551 385 3621 μάρτυς
412 3549 529 3620 πλησίον
548 3550 579 3607 έν
598 3551 663 3621 ὄψει
684 3572 737 3620 μου
762 3553 1014 3623 παρακαθέζεσθαι
1039 3600 1044 3611 .
1066 3599 1071 3609 .
1092 3599 1098 3610 .
1122 3554 1171 3608 καί
1196 3555 1398 3623 ἀναγινώσκειν
1423 3548 1514 3604 ἐδόκει
1539 3568 1585 3618 μοι

280 3637 327 3701 (sc.
347 3631 381 3685 τά
400 3631 545 3702 θαύματα)
570 3633 618 3686 καλ
641 3630 801 3701 ἐφήδεσθαι
824 3636 872 3688 καλ
895 3637 1007 3704 μειδιᾶν
1030 3636 1078 3690 καλ
1101 3630 1301 3689 ἐνδείκνυσθαί
1324 3651 1371 3701 μοι
1393 3635 1432 3703 τῷ
1454 3627 1586 3701 βλέμματι

279 3713 316 3774 ὡς
335 3709 447 3781 άρέσκοι
465 3710 526 3766 τότε
544 3721 603 3774 τοῖς
621 3711 810 3783 γραφομένοις
827 3714 875 3766 καλ
894 3715 931 3776 ὡς
949 3713 1009 3768 δέοι
1027 3734 1060 3784 με
1083 3713 1282 3783 ἀναπληρῶσαι
1303 3713 1353 3766 τὸν
1375 3710 1466 3765 πόνον
1487 3717 1585 3762 τοῦτον

279 3793 327 3846 καί
347 3792 382 3862 μὴ
402 3790 547 3848 ἀτέλεστον
565 3796 737 3861 καταλιπεῖν,
756 3790 850 3864 μέχρις
868 3791 905 3848 διν
930 3793 977 3864 ἐξῆ
995 3794 1111 3864 μάλιστα
1130 3793 1148 3847 ἃ
1167 3793 1282 3856 ἕκαστος
1300 3789 1360 3848 οἶδε
1378 3791 1427 3846 καί
1445 3791 1515 3858 άπερ
1534 3791 1585 3844 σὺν

279 3871 408 3946 ἀκριβείᾳ
427 3874 551 3929 δυνατὸν
565 3871 633 3943 παρ’
655 3872 772 3928 ἑκάστου
787 3871 955 3943 μανθάνειν.
975 3872 1043 3928 ὥστε
1058 3894 1091 3944 με
1101 3874 1169 3944 μετά
1182 3875 1234 3944 την
1253 3874 1324 3943 ὄψιν
1338 3872 1443 3942 ταύτην
1458 3869 1539 3932 δέους
1556 3888 1585 3922 τε

278 3955 463 4020 πληρωθῆναι
479 3954 527 4006 καλ
540 3950 704 4022 προθυμίας
717 3954 935 4022 ὑποπλησθῆναι
949 3956 997 4008 καλ
1011 3954 1144 4024 ἅψασθαι
1160 3954 1245 4009 πάλιν
1259 3952 1356 4008 δέλτου
1370 3954 1418 4007 καλ
1432 3948 1585 4023 γραφιδίου

278 4031 327 4082 καλ
349 4038 430 4084 τοῦτο
449 4040 541 4088 ποιεῖν
560 4030 638 4103 μέχρι
656 4051 708 4101 περ
727 4031 764 4089 διν
783 4034 853 4103 αίτὴ
872 4033 976 4105 κελείη.
1013 4034 1055 4088 De
1078 4034 1203 4088 Aristide
1226 4053 1250 4088 v.
1270 4036 1291 4087 t.
1306 4033 1332 4086 ΙΙ
1351 4051 1378 4103 p.
1395 4037 1487 4099 395‚8
1507 4029 1583 4084 Keil:

283 4109 370 4171 εὐθὺς
389 4109 417 4174 ἐξ
436 4111 524 4181 ἀρχῆς
541 4121 675 4180 προεῖπεν
694 4112 709 4166 ὁ
728 4114 797 4175 θεὸς
815 4113 994 4185 ἀπογράφειν
1016 4113 1051 4168 τὰ
1070 4113 1209 4183 ὀνείρατα.
1245 4113 1288 4167 De
1310 4112 1478 4183 Sophronio,
1502 4109 1550 4179 qui
1568 4127 1586 4162 a

281 4205 315 4243 ss.
331 4188 401 4258 Cyro
421 4191 450 4243 et
467 4190 572 4245 Ioanne
591 4191 754 4262 impellitur,
775 4194 808 4247 cf.
825 4193 898 4263 Spic.
913 4195 991 4248 ltom.
1006 4195 1045 4248 ΠΙ
1059 4201 1075 4248 9
1090 4223 1124 4240 =
1139 4195 1235 4264 Migne
1253 4213 1280 4264 p.
1296 4193 1447 4248 3384AB:
1467 4192 1498 4245 τὸ
1518 4188 1585 4261 γρά-

279 4289 344 4338 φειν
363 4266 521 4340 ἐπέτρεψαν
546 4271 597 4340 τὴν
617 4271 723 4328 ἑαυτῶν
742 4272 900 4344 συμμαχίαν
918 4284 1048 4345 χορηγεῖν
1067 4273 1276 4344 συνταξάμενοι.
1291 4273 1424 4337 πολλάκις
1437 4268 1488 4326 οὖν
1503 4270 1534 4326 ἐν
1548 4275 1585 4342 τῷ

279 4348 400 4421 γράφειν
417 4350 490 4420 ἡμᾶς
509 4349 729 4422 ἐπεφάνησαν
745 4356 916 4424 πληροῦντες
934 4355 1026 4410 αὐτῶν
1043 4356 1075 4410 τὸ
1095 4355 1261 4426 ἐπάγγελμα,
1279 4352 1347 4409 ποτέ
1366 4352 1415 4423 μέν
1434 4350 1519 4421 μέλαν
1537 4351 1585 4405 καλ

278 4429 405 4500 κάλαμον
429 4429 628 4502 παρεχόμενοι,
652 4432 720 4487 ποτέ
739 4433 770 4488 δέ
794 4435 846 4504 τὴν
868 4435 989 4505 τετράδα
1011 4433 1201 4507 λαμβάνοντες
1225 4435 1274 4490 καλ
1297 4434 1333 4488 τά
1355 4432 1474 4503 ἡμέτεροι
1497 4428 1585 4500 σφάλ-

280 4531 355 4580 ματα
379 4512 580 4581 διορθούμενοι
603 4514 658 4567 κτλ.
696 4513 810 4568 Proclus
834 4515 983 4583 quominus
1012 4517 1226 4570 commentarios
1253 4515 1283 4568 in
1313 4513 1438 4568 carmina
1464 4510 1586 4580 Orphica

278 4590 385 4645 scribat
404 4592 547 4646 somniis
572 4592 738 4662 impeditur,
758 4595 791 4648 cf.
807 4595 947 4649 Marinum
965 4614 991 4650 v.
1011 4595 1104 4650 Procli
1122 4602 1165 4650 27.
1202 4594 1397 4648 Artemidorus
1420 4593 1450 4646 in
1471 4591 1585 4646 Oneiro-

180 4678 186 4694 ·
279 4669 385 4724 criticis
412 4673 611 4742 componendis
641 4673 676 4728 ab
705 4674 836 4744 Apolline
862 4676 1040 4731 admonetur:
1069 4668 1091 4750 ᾦ
1114 4674 1282 4745 πειθόμενος
1307 4674 1359 4746 ἐγὼ
1382 4671 1501 4747 πατρῴῳ
1525 4670 1586 4726 ὄντι
