3550 5317
297 283 359 346 128
879 283 1019 337 Laudatio
1403 288 1445 352 15,
1456 288 1553 351 6-17,
1564 288 1596 339 11

295 446 382 511 οὕτω
405 468 440 510 τε
461 447 588 531 πλήρης
611 447 648 510 τὸ
673 456 765 532 σῶμα
788 445 844 512 καὶ
867 448 980 532 ἀρτιος
1003 447 1141 529 γίνεται,
1200 445 1283 511 ὥστε
1309 450 1506 530 Θεοφαυίων
1529 445 1600 512 ἐπι-

294 542 456 628 κειμένων
479 545 577 628 άμφω
601 544 646 608 τώ
670 554 758 629 χεῖρε
780 555 888 608 κινεῖν
910 545 993 629 πρὸς
1016 546 1107 629 ἔργα·
1131 545 1193 626 τήν
1215 567 1251 608 τε
1272 545 1336 628 γάρ
1359 547 1599 630 κολυμβήθραν

293 644 396 725 μόνος
418 641 652 726 ἀνεπλήρωσεν
675 641 806 724 ὕδατος,
878 647 984 727 αἴρων
1006 642 1043 706 τὸ
1067 643 1168 724 ἀγγος
1190 650 1231 727 τῇ
1253 640 1462 728 τεθλασμένη
1484 643 1600 728 πρώην

293 737 379 824 χειρὶ
401 737 456 804 καὶ
478 739 562 824 πρὸς
581 739 691 822 ώμους
710 736 933 824 εὐμαρέστατα
956 741 1033 804 λίαν
1055 739 1237 824 άναβιβών,
1259 741 1321 822 τήν
1342 763 1378 804 τε
1401 741 1506 823 ἀλλην
1528 741 1599 804 δια-

258 861 284 901 ω
294 839 411 902 κονίαν
435 836 607 921 εὐρώστως
629 836 858 920 ποιούμενος·
907 835 1012 914 οὕτως
1031 831 1102 901 οἶδε
1122 836 1204 912 Θεὸς
1225 833 1451 901 ἀναπλάσσειν
1473 834 1528 901 καὶ
1552 839 1600 914 εἰς

295 937 432 1021 φθοράν
454 933 662 1018 καταχθέντα
684 936 724 999 τά
748 936 889 1019 σώματα.

249 1053 288 1108 16
383 1041 493 1128 ἕτερός
506 1065 556 1117 τις
570 1039 729 1127 δέκαρχος
744 1039 780 1106 ἐν
799 1049 1023 1130 στρατιωτικῷ
1041 1041 1180 1125 τάγματι
1199 1039 1447 1126 ἀριθμούμενος
1509 1039 1599 1128 (δνο-

293 1164 338 1224 μα
352 1136 389 1203 δὲ
404 1140 510 1227 τούτῳ
526 1139 691 1225 Γεώργιος
703 1133 787 1226 [ήνΙΙ
829 1141 876 1215 είς
890 1141 932 1204 τά
945 1139 1049 1205 ὀπίσω
1059 1140 1120 1222 τήν
1134 1140 1283 1222 κεφαλήν
1296 1137 1573 1224 ἀντανέστραπτο,

294 1236 327 1315 ἐξ
351 1235 503 1314 ἐναντίας
525 1261 617 1313 τινος
640 1236 812 1314 ἐπιπνοίας
830 1247 898 1301 τῶν
914 1236 1021 1320 ήνίων
1038 1235 1295 1322 ῦπερταθέντωυ
1312 1261 1348 1302 τε
1365 1235 1421 1302 καὶ
1439 1235 1599 1321 ἀπεσκλη-

291 1337 400 1400 κότων
422 1335 513 1422 αὐτῷ
535 1332 591 1399 καὶ
613 1343 674 1399 τοῦ
697 1332 860 1411 τένοντος.
919 1335 974 1418 [οὐ
997 1337 1102 1419 μόνον
1124 1332 1162 1400 δέ
1185 1333 1269 1401 άλλά
1291 1337 1356 1421 γάρ
1379 1333 1435 1400 καὶ
1458 1335 1519 1400 τὸν
1539 1333 1598 1400 ἕνα

269 1432 471 1516 εόφθαλμὸν
503 1431 696 1516 ἀπηλπίσθη
725 1435 885 1515 γενναίως
917 1441 1039 1498 τοῦτον
1069 1432 1226 1517 βλαβείς]
1258 1427 1356 1510 οὗτος
1384 1431 1599 1498 ἑπτακαίδεκα

290 1528 413 1616 ἡμέρας
437 1528 584 1595 ἐτέλεσεν
661 1531 705 1614 μή
727 1527 888 1613 δυνηθεὶς
915 1531 1100 1616 βρωμάτων
1122 1529 1143 1612 ή
1165 1528 1231 1607 καλ,
1248 1539 1354 1595 ποτοῦ
1376 1529 1598 1614 μετασχέσθαι

293 1628 330 1691 τὸ
359 1628 512 1693 σύνολον.
593 1625 734 1713 ὕστερον
763 1627 801 1692 τὸ
832 1637 992 1693 συνοῖσον
1022 1629 1224 1711 σκεήάμενος
1297 1638 1397 1713 χωρεῖ
1425 1629 1508 1713 πρὸς
1537 1628 1597 1693 τὸν

292 1725 400 1808 ἀγιου,
458 1723 514 1788 καὶ
536 1729 740 1809 παραμείνας
762 1723 884 1810 ἡμέρας
902 1726 996 1802 τινάς
1018 1726 1162 1808 ήκουσεν
1185 1724 1289 1791 αὐτοῦ
1311 1725 1441 1813 ἀοράτφ
1464 1725 1596 1810 γλώσση

290 1823 369 1886 τάδε
391 1823 598 1898 κελεύοντος·
644 1822 710 1886 ὑπὸ
733 1830 794 1886 τοῦ
817 1825 1006 1907 πρόσμονός
1028 1847 1104 1908 μου,
1128 1826 1242 1908 φησίν,
1266 1821 1364 1910 έλαίφ
1387 1821 1574 1907 ἀλείφθητι.

255 1946 281 1986 ιο
290 1927 389 1985 τοῦτο
413 1917 553 2002 ἐγένετο,
620 1917 675 1984 καὶ
699 1918 717 1985 ὁ
741 1918 825 2005 ἀνήρ
850 1919 954 1996 εὐθὺς
976 1920 1073 2004 ὑγιής
1095 1919 1313 2005 ἀνεχώρησεν.

379 2027 479 2102 ἀλλος
501 2027 689 2112 παράλντος
776 2028 950 2113 Θεόδωρος
977 2027 1257 2112 ἐπονομαζόμενος
1338 2025 1493 2114 (καὶγὰρ
1517 2023 1596 2092 οὐδὲ

289 2133 358 2188 τών
381 2123 555 2209 ὀνομάτων
579 2123 782 2208 ἀμνημονεῖν
806 2123 911 2190 ἐθέλω
934 2135 973 2210 τῇ
997 2124 1178 2210 ἀναμνήσει
1200 2123 1415 2211 τερπόμενος)
1504 2149 1596 2189 κατε-

289 2219 371 2304 τέθη
396 2221 518 2287 ἐνθάδε
540 2221 663 2308 ἡμέρας
685 2223 873 2307 τριάκοντα,
958 2221 1013 2288 καὶ
1037 2224 1078 2306 δή
1101 2229 1224 2307 θεωρεῖ
1250 2224 1309 2288 τὸν
1335 2223 1596 2307 θαυματουργὸν

292 2317 485 2384 ἐπιδιδόντα
509 2321 616 2403 δήθεν
639 2319 729 2406 αὐτῷ
752 2321 854 2404 ἀρτον
872 2343 907 2385 τε
925 2319 980 2384 καὶ
998 2326 1120 2405 πλῆρες
1138 2319 1284 2405 ἀκράτου
1302 2321 1470 2405 ποτήριον.
1517 2319 1596 2384 ἀνα-

253 2441 279 2482 15
288 2419 432 2492 καθίσας
458 2413 495 2482 δέ
518 2418 555 2482 τὸ
578 2419 690 2483 δοκεῖν
712 2419 797 2502 πρὸς
819 2418 856 2482 τὸ
881 2416 1040 2496 δέξασθαι
1124 2416 1194 2482 κατ’
1221 2417 1323 2500 αὐτῆς
1346 2418 1552 2502 ἀνεπήδησεν

289 2512 342 2596 [ἐν
366 2513 508 2600 ἀληθεία
531 2515 710 2591 διαναστάς
736 2517 865 2601 κράζων
886 2515 942 2580 καὶ
965 2517 1070 2580 αἰνῶν
1096 2516 1156 2580 τὸν
1185 2514 1294 2598 ΘεόνΙ.
1322 2515 1368 2592 ώς
1394 2513 1506 2600 ταχεῖά
1533 2531 1596 2578 σου

287 2611 390 2696 πάτερ
426 2613 588 2699 Θεράπων
615 2612 635 2696 ἡ
665 2619 761 2696 ίασις,
842 2616 900 2678 καί
927 2630 990 2679 σου
1019 2622 1058 2698 τῇ
1089 2612 1234 2698 εὐφημία
1264 2613 1460 2696 συνήδομαι,
1539 2609 1594 2675 καὶ

288 2704 390 2785 αὖθις
414 2711 496 2795 πρὸς
520 2713 601 2776 ἀλλο
623 2717 740 2794 θαῦμα
762 2713 958 2796 προβαίνειν
980 2710 1121 2795 έφίεμαι.

244 2830 280 2884 17
380 2819 496 2901 κόριόν
519 2840 550 2881 τι
574 2820 794 2903 σμικρότατον
838 2815 1051 2904 προσηνέχθη
1074 2825 1120 2904 τῷ
1143 2820 1227 2905 θείφ
1252 2817 1447 2903 Θεράπουτι.
1496 2824 1594 2880 τοῦτο

290 2909 328 2978 δέ
356 2915 491 2999 σφάλμα
520 2916 651 2999 φύσεως
677 2909 720 2998 ἦν
748 2915 827 3000 ὅπερ
859 2913 915 2980 καὶ
941 2917 1025 3001 πρὸς
1052 2916 1112 2998 τήν
1140 2913 1243 3000 ἕδραν
1272 2910 1338 2999 εἶχε
1368 2916 1426 2990 τδις
1453 2912 1595 2999 πτέρυας

289 3011 513 3096 ἐμπεπηγυιάς
535 3011 590 3078 καὶ
614 3012 723 3098 ώσπερ
746 3015 848 3098 κόλλη
871 3011 939 3079 τινὶ
963 3016 1215 3098 συμπεφυκυίας
1238 3015 1354 3096 βιαίως
1371 3009 1427 3077 καὶ
1451 3012 1594 3094 συνδου-

288 3108 389 3193 μένας
412 3110 520 3196 ὥσπερ
545 3109 581 3175 έκ
605 3112 746 3194 φύσεως,
813 3110 923 3195 θέαμα
946 3113 1051 3187 όντως
1074 3110 1218 3177 ἐλεεινὸν
1240 3108 1295 3174 καὶ
1318 3108 1415 3188 ξένον
1432 3118 1490 3192 τής
1511 3106 1589 3173 καθ’

264 3205 371 3290 εήμάς
395 3207 590 3292 οὐσιώσεως,
659 3208 738 3292 ὅπερ
763 3209 849 3284 εἰκὸς
876 3208 1130 3293 ἀμβλωθρίδιον
1201 3207 1221 3290 ή
1244 3208 1418 3293 τεράστιόν
1439 3230 1489 3283 τις
1512 3207 1594 3270 ώυό-

286 3321 399 3389 μασεν.
489 3303 572 3370 ἀλλά
595 3306 656 3388 τήν
683 3309 867 3391 θεραπείαν
899 3306 986 3382 ὅπως
1020 3303 1156 3391 ἑτοίμως
1183 3304 1201 3370 ὁ
1229 3305 1329 3390 μέγας
1361 3303 1416 3370 καὶ
1444 3303 1590 3386 ἀψευδής

287 3403 477 3485 εἰσήνεγκεν
500 3403 610 3488 ἰατρὸς
624 3407 660 3468 τί
676 3405 727 3468 δεῖ
744 3400 800 3468 καὶ
818 3402 1038 3496 προφέρεσθαι,
1114 3405 1279 3488 παρόντος
1296 3410 1357 3468 τοῦ
1375 3399 1522 3487 βρέφους
1539 3399 1594 3464 καὶ

286 3510 354 3564 τών
378 3499 506 3584 γονέων
530 3500 761 3586 ἐξηγουμένων
783 3504 845 3586 τήν
869 3509 969 3567 ίασιυ.

376 3607 445 3674 κατ’
466 3608 571 3674 έκεῖνο
587 3604 624 3673 δέ
642 3617 702 3674 τοῦ
720 3619 840 3695 καιροῦ
858 3595 1019 3695 καρκίνον
1037 3605 1124 3692 εἶχεν
1147 3606 1241 3694 ἑτέρα
1259 3611 1377 3693 Μαρία
1399 3609 1437 3674 τὸ
1452 3610 1567 3692 ὄνομα,

255 3731 280 3770 ω
290 3704 345 3771 καὶ
375 3707 434 3771 τὸν
464 3707 639 3793 εῦκτήριον
673 3716 793 3772 τοῦτον
826 3708 1082 3792 καταδραμοῦσα
1116 3704 1202 3771 νεών
1234 3704 1332 3792 ἀπρὶξ
1364 3711 1468 3789 εἴχετο
1499 3703 1593 3789 μέχρι

248 3852 252 3856 -
286 3813 400 3888 τυχεῖν
422 3812 480 3888 τής
504 3805 629 3882 ίάσεως.
702 3805 947 3890 τεσσαράκοντα
971 3803 1008 3870 δέ
1030 3802 1153 3889 ἡμέρας
1176 3803 1213 3868 ἐν
1235 3805 1370 3890 νηστείᾳ
1396 3801 1451 3867 καὶ
1478 3824 1594 3886 χαμευ-

375 4099 391 4148 8
410 4094 564 4165 ἀνέπλησεν
582 4094 611 4149 Μ
627 4098 631 4167 Ι
647 4092 823 4166 τεθλαμμένη
842 4095 872 4150 Μ
899 4092 1078 4169 τεθραμμένη
1096 4096 1121 4149 Α
1138 4098 1142 4165 Ι
1157 4096 1255 4165 πρώην
1273 4111 1327 4149 om.
1346 4091 1377 4146 M
1397 4095 1401 4164 Ι
1422 4098 1437 4146 9
1458 4090 1591 4161 εὐμαρεί-

284 4175 389 4230 ταταΑ
405 4179 409 4245 Ι
427 4181 460 4229 10
479 4175 552 4246 ἀγαυ
570 4179 636 4246 μυεῖ
654 4177 795 4246 εὐρώστως
813 4177 877 4231 add.
888 4178 918 4230 M
931 4182 941 4247 Ι
956 4182 1024 4244 16,4
1038 4186 1095 4232 τῶν
1109 4174 1267 4247 ἀφθαλμών
1280 4175 1309 4228 Μ
1326 4179 1330 4245 Ι
1347 4172 1541 4242 ῦάπελυπήθη
1551 4173 1574 4224 Α
1586 4172 1590 4244 Ι

287 4262 320 4310 12
339 4255 473 4326 ἀμνήμων
492 4255 565 4312 έῖναι
583 4255 657 4311 θέλω
674 4258 704 4310 Μ
729 4261 732 4327 Ι
750 4255 865 4326 ’κατέθη
885 4257 910 4310 A
935 4260 940 4327 Ι
966 4262 999 4310 13
1015 4255 1097 4326 ἀγιου
1117 4255 1303 4326 ῖέρομάρτυρα
1316 4256 1382 4324 post
1394 4254 1444 4308 τὸν
1462 4252 1526 4306 εδδ.
1546 4251 1591 4323 ΜΙ

285 4336 449 4405 θεράποντα
467 4339 532 4407 post
549 4340 673 4407 θαυματ.
694 4338 757 4393 εδδ.
777 4338 806 4391 Μ
822 4341 826 4408 Ι
844 4344 877 4390 14
896 4337 1078 4392 ἐπιδιδοῦντα
1097 4337 1127 4390 Μ
1143 4340 1147 4406 Ι
1163 4337 1212 4391 καλ
1230 4353 1283 4390 om.
1303 4335 1333 4387 M
1349 4338 1353 4404 Ι
1370 4340 1403 4388 16
1417 4329 1530 4404 ταχίστη
1544 4331 1574 4384 Μ
1588 4331 1591 4402 Ι

287 4423 319 4470 17
338 4417 467 4488 θεράπον
485 4418 515 4470 Μ
529 4420 538 4488 ΙΙ
553 4422 624 4486 17,1
644 4417 721 4472 πάνυ
739 4421 805 4488 post
823 4436 912 4486 σμικρ.
933 4418 997 4471 add.
1012 4417 1041 4470 M
1058 4419 1062 4486 Ι
1077 4417 1166 4489 τοίπφ
1184 4417 1209 4470 Α
1225 4419 1229 4485 Ι
1245 4421 1262 4468 3
1280 4434 1336 4470 τινι
1359 4412 1441 4482 κάλλη
1460 4413 1489 4466 Μ
1505 4416 1509 4481 Ι
1526 4429 1592 4479 συμ-

285 4498 480 4566 πεφυκυῖανΑ
497 4501 501 4567 Ι
517 4497 629 4561 ἐόντως
641 4501 706 4552 ante
722 4496 900 4566 ώνόμασενΑ
916 4501 920 4567 Ι
937 4496 1130 4567 ῦτέραστηςΑ
1146 4500 1150 4566 Ι
1166 4493 1307 4564 δέτοίμως
1317 4512 1370 4549 om.
1382 4495 1407 4548 A
1423 4498 1427 4564 Ι
1444 4493 1505 4562 λδὴ
1515 4490 1574 4545 AM
1586 4484 1591 4555 Ι

285 4577 496 4649 προσφέρεσθαι
515 4579 540 4631 A
556 4580 560 4648 Ι
577 4584 592 4632 9
608 4575 704 4650 ἐκείνῳ
724 4621 729 4632 .
750 4621 755 4632 .
774 4583 812 4651 τῷ
831 4583 920 4651 καιρῷ
934 4579 960 4631 A
987 4575 1097 4634 εκείνου
1116 4585 1211 4632 ..τοῦ
1225 4585 1325 4648 καιροῦ
1343 4576 1373 4630 Μ
1397 4592 1466 4629 corr.
1485 4573 1593 4627 Rader-

285 4658 398 4712 macher
414 4660 418 4733 Ι
436 4665 466 4711 11
487 4675 532 4712 τεο
550 4658 663 4712 litterae
682 4658 784 4712 desunt
801 4657 831 4711 in
849 4659 879 4712 M
