3550 5317
256 295 278 360 4
846 296 937 366 Caput
954 296 975 351 I.

256 457 516 542 Saresberiensis‚
538 455 741 541 Nicephorus
765 456 934 543 Gregoras.
978 457 1141 521 Differunt
1163 458 1197 520 in
1220 456 1357 541 singulis
1379 456 1560 522 Artemido-

256 578 325 640 rus,
353 554 488 619 Ioannes
511 553 776 638 saresberiensis,
803 555 920 639 reliqui
944 556 1028 618 inter
1054 576 1088 617 se
1115 554 1237 618 scilicet
1262 559 1482 639 congruentes.
1522 553 1559 618 Id

259 652 345 737 quod
367 653 428 717 hoc
450 652 516 716 fere
540 656 708 717 stemmate
731 653 868 737 exprimi
891 656 1010 737 potest:

463 864 1196 1341 eu

750 1268 847 1323 Ioann.
881 1279 943 1334 Nic.
959 1276 1042 1343 erog.
1187 1290 1348 1347 Macrobius

744 1349 854 1407 Saresb.
988 1362 1164 1431 Pu-Augffii·

343 1591 394 1656 Ex
422 1594 474 1658 his
502 1594 683 1658 somniandi
709 1593 814 1658 modis
842 1593 1008 1658 divinandi
1035 1593 1084 1657 vis
1116 1614 1180 1656 uon
1208 1591 1272 1656 nisi
1303 1590 1408 1656 tribus
1435 1590 1560 1655 ultimis

256 1689 472 1775 tribuebatur,
496 1692 624 1755 oraculo
649 1691 784 1774 scilicet,
807 1691 934 1774 visioni,
966 1691 1100 1753 somnio.
1137 1679 1296 1754 ἐνύπνιον
1324 1693 1355 1753 et
1383 1688 1560 1772 φάντασμα

254 1808 349 1870 ,σανα
371 1789 635 1870 interpretationis
656 1789 788 1870 indicna
815 1794 895 1866 sant,
918 1789 994 1868 qaia
1015 1788 1097 1851 nibil
1119 1788 1323 1851 divinationis
1345 1785 1559 1871 adportant¹);

253 1905 320 1948 nna
343 1905 412 1948 earn
438 1905 545 1950 somno
572 1886 699 1951 ανοάααό
729 1891 758 1950 et
778 1886 902 1967 pariter
928 1882 1168 1970 evanescant.“²)
1213 1881 1326 1967 Itaque
1353 1885 1415 1962 ,αά
1438 1883 1560 1948 nattam

253 1984 398 2047 noscendi
419 1984 523 2065 fateri
545 1979 649 2065 epera“
671 1980 912 2068 recipiunbu.³)
980 1968 985 1978 ’

343 2077 605 2144 Praesensionem
638 2080 797 2163 quandam
829 2102 936 2144 rerum
968 2080 1149 2143 futurarum
1182 2078 1222 2141 iis
1254 2077 1424 2161 praecipue
1456 2077 1560 2141 inesse

255 2175 427 2239 credebant
458 2178 607 2261 somniis,
635 2200 716 2261 quae
743 2199 848 2242 mane
875 2175 1111 2263 apparuere),
1137 2196 1211 2239 cum
1238 2176 1365 2239 animus
1392 2176 1560 2239 hominum

254 2274 394 2337 maxime
416 2296 436 2338 a
459 2296 591 2359 corpore
615 2279 699 2339 esset
721 2275 886 2359 liberatus,
909 2275 972 2359 ipsi
995 2296 1070 2339 vero
1092 2273 1239 2337 homines
1262 2294 1365 2357 neque
1388 2272 1561 2357 vigilarent

254 2392 359 2455 neque
382 2371 569 2457 dormirent,
593 2372 649 2437 sed
671 2373 776 2457 media
795 2374 933 2457 quadam
956 2372 1143 2437 condicione
1170 2371 1353 2455 penderent.
1403 2370 1457 2435 Sic
1479 2368 1559 2433 Iam=

253 2468 381 2533 bliohus
405 2468 458 2555 (de
486 2475 581 2554 myst.
599 2468 647 2533 ΠΙ
665 2470 701 2557 2)
729 2471 767 2535 de
794 2471 930 2535 somniis
957 2470 1113 2534 divinitus
1140 2469 1250 2531 missis
1281 2469 1366 2531 inter
1392 2468 1455 2531 ulia
1482 2468 1560 2531 haec

254 2567 390 2650 profert:
422 2566 492 2634 ἀλλ’
525 2569 600 2651 ἤτοι
629 2577 691 2632 τοῦ
720 2568 830 2634 ὕπνου
864 2568 1116 2649 ἀπολείποντος,
1144 2563 1336 2651 ἀρχομένων
1367 2566 1442 2650 ἀρτι
1465 2565 1560 2651 ἐγρη-

253 2662 407 2750 γορέναι,
430 2664 565 2730 ἀκούειν
596 2664 733 2750 πάρεστι
760 2715 766 2728 .
792 2715 798 2727 .
820 2712 841 2747 .,
877 2664 899 2745 ἣ
930 2661 1073 2747 μεταξὺ
1105 2671 1175 2727 τοῦ
1207 2661 1465 2748 ἐγρηγορέναι
1495 2661 1559 2727 καὶ

252 2762 470 2825 καθεύδειν
496 2763 604 2826 όντων
631 2760 652 2843 ἢ
674 2759 729 2825 nal
751 2764 921 2835 παντελῶς
938 2758 1168 2845 ἐγρηγορότων
1190 2760 1228 2823 at
1244 2758 1354 2843 φωνοά
1372 2760 1559 2825 ἀκούονται.

254 2855 315 2920 Ex.
335 2880 382 2943 gr.
407 2858 577 2921 afferamus
605 2857 724 2921 Marini
746 2857 853 2921 locum
877 2878 894 2920 e
921 2857 989 2921 vita
1010 2856 1119 2920 Procli
1141 2856 1201 2942 30,
1228 2856 1285 2919 ubi
1308 2857 1347 2920 de
1374 2856 1560 2941 Aesculapii

253 2953 426 3037 epiphania
448 2954 510 3019 hoc
539 2954 669 3021 dicitm:
697 2954 838 3041 μεταξὺ
869 2956 933 3037 γὰρ
963 2952 1011 3019 ὢν
1040 2954 1167 3019 ὕπνου
1194 2952 1259 3018 nal
1287 2953 1560 3040 ἐγρηγόρσεως

253 3047 321 3115 εἶδε
343 3052 509 3137 ὃράκοντα
530 3057 597 3117 ιιτλ.
643 3051 807 3117 Interdum
831 3052 910 3116 adeo
936 3052 1043 3136 potuit
1070 3050 1215 3116 vividum
1242 3073 1311 3116 esse
1338 3052 1499 3115 somnium
1522 3055 1559 3114 ut

345 3298 371 3365 1)
389 3296 514 3351 Macrob.
529 3296 548 3351 l.
563 3312 585 3351 c.
601 3302 627 3364 3,
641 3302 665 3352 3.

255 3369 260 3377 ”
343 3375 692 3444 mitescentem.
715 3375 806 3431 Oneir.
822 3376 835 3430 Ι
854 3382 868 3429 1
888 3383 951 3446 p.3‚
966 3382 1000 3431 26
1018 3375 1066 3432 H.:
1089 3374 1136 3444 ἐφ’
1163 3375 1229 3431 ὅσον
1252 3376 1303 3446 μὲν
1325 3375 1459 3433 ἐνύπνιόν
1485 3375 1560 3432 ἐστιν

254 3453 369 3525 ἐνεργεῖ,
386 3453 555 3525 παυομένων
573 3455 605 3510 ἀὲ
622 3466 679 3512 τῶν
696 3454 793 3511 ὕπνων
810 3454 984 3527 ἀφανίζεται.

342 3536 369 3603 8)
388 3534 426 3588 ib.
435 3540 460 3601 3,
469 3541 493 3589 8.
514 3535 649 3591 Artemid.
664 3537 678 3589 1
693 3541 706 3590 1
722 3555 748 3607 p.
760 3536 850 3605 3,5Η.
866 3536 1005 3591 somnium
1018 3538 1049 3590 et
1061 3536 1232 3590 insomnium
1246 3536 1381 3590 discernit
1394 3537 1448 3591 hoc
1461 3537 1558 3592 modo:

252 3616 339 3688 ταότη
362 3616 416 3687 γὰρ
440 3615 551 3685 ὄνειρον
575 3614 710 3672 ἐνυπνίου
729 3613 875 3685 διαφέρειν
903 3613 1065 3687 συμβέβηκε,
1088 3621 1126 3689 τῷ
1144 3616 1194 3670 τόν
1216 3615 1267 3685 μὲν
1292 3613 1366 3671 εἶναι
1389 3617 1560 3686 σημαντικόν

252 3705 307 3751 τῶν
326 3694 488 3765 μελλόντων,
506 3695 538 3751 τό
557 3695 588 3750 δὲ
606 3705 662 3751 τῶν
681 3695 777 3751 όντων.
792 3728 827 3735 -
841 3695 959 3749 Diversa
977 3696 1013 3748 ab
1032 3695 1085 3761 his,
1104 3713 1178 3763 quac
1195 3697 1333 3764 praebent
1350 3695 1417 3748 libri
1435 3695 1559 3749 Oarolini

252 3774 291 3829 ΙΠ
305 3781 339 3829 26
357 3778 378 3829 t.
395 3781 428 3829 98
442 3793 469 3845 p.
482 3775 577 3830 11720
602 3776 711 3846 Migne:
734 3774 910 3845 ,ηαωαηαοινι
932 3790 993 3845 ωηο
1016 3780 1041 3829 et
1061 3776 1180 3830 riennes
1201 3781 1227 3829 et
1247 3776 1355 3829 comnia
1377 3777 1485 3829 mistim
1503 3777 1560 3830 dici

254 3856 419 3911 consuetudo
447 3856 601 3925 ιιιλωιζιενλλ,
630 3858 701 3911 inter
722 3857 841 3911 uniones
863 3871 925 3910 υινο
952 3862 978 3909 et
999 3854 1107 3909 cannia
1127 3856 1177 3909 boc
1200 3856 1308 3924 quidem
1330 3856 1433 3910 diacre
1455 3855 1559 3923 arana

253 3934 326 4002 ηαοά
350 3935 459 3989 comnia
483 3952 516 3989 ca
540 3942 618 4003 unit,
642 3952 711 4005 qaae
734 3936 893 4005 picaenique
912 3934 1054 4001 falianttn
1073 3976 1211 3989 ......
1235 3935 1354 3989 νὶειόιιω
1378 3952 1440 3990 aero
1463 3937 1559 3990 disent

254 4013 388 4081 ηααεάαια
406 4016 557 4069 veraciores
573 4015 768 4070 revelationer‘
786 4030 809 4068 e.
824 4031 850 4082 q.
866 4031 887 4067 s.

342 4095 370 4161 4)
390 4091 423 4145 cf.
444 4092 575 4148 Philostr.
595 4094 628 4149 V.
648 4094 738 4164 Apoll.
753 4094 841 4149 1137:
865 4091 902 4148 ἂν
920 4092 971 4162 μὲν
989 4093 1043 4164 γὰρ
1069 4086 1172 4166 ἑῷοςῇ
1196 4096 1243 4163 (sc.
1268 4093 1283 4148 ὁ
1305 4092 1414 4164 καιρός)
1436 4097 1485 4150 nul
1508 4104 1558 4149 τοῦ

253 4171 318 4239 περὶ
336 4170 387 4225 τὸν
406 4170 514 4240 ὄρθρον
531 4170 632 4241 ὕπνου,
651 4173 853 4245 ξυμβάλλονται
867 4171 1063 4244 (ὀνειροπόλοι)
1081 4173 1170 4243 αὐτὴν
1188 4176 1235 4243 (se.
1253 4182 1305 4244 τήν
1323 4174 1402 4245 ὄψιν)
1421 4176 1458 4239 ὡς
1475 4177 1559 4245 ὑγιῶς

256 4248 462 4320 μαντευομένης
480 4259 529 4321 τῆς
550 4260 650 4322 ψυχῆς.
671 4252 705 4307 of.
725 4253 811 4308 etiam
829 4253 947 4307 Bucchs.
962 4272 990 4322 p.
1006 4259 1039 4307 38
1059 4256 1088 4307 et
1107 4254 1170 4307 adn.
1187 4258 1228 4307 96.
1252 4285 1288 4295 -
1312 4254 1497 4309 Observatum
1515 4255 1559 4307 est

254 4329 367 4384 omnino
391 4330 500 4384 somnia
518 4331 660 4386 matutina
678 4332 846 4387 creberrima
864 4349 938 4389 esse:
957 4352 981 4387 v.
1000 4333 1158 4401 Lehmann,
1176 4334 1357 4403 Aberglaube
1375 4353 1402 4390 u.
1422 4331 1558 4388 Zauberei

252 4428 276 4463 v.
297 4410 352 4464 den
375 4410 497 4465 tltesten
521 4410 618 4465 Zeiten
637 4429 673 4466 an
691 4412 736 4466 bis
754 4412 784 4466 in
803 4412 850 4466 dio
868 4412 1049 4483 Gcgenwurt,
1073 4413 1207 4468 deutsche
1231 4414 1407 4468 autorisierte
1426 4412 1558 4481 Ausgabc

252 4505 306 4542 von
324 4489 370 4545 Dr.
390 4490 524 4545 Peterson
541 4508 567 4560 p.
583 4496 648 4547 396:
667 4492 748 4559 „Une
765 4496 870 4548 tn'innet
886 4499 950 4548 stete
967 4494 999 4547 in
1016 4494 1077 4547 dem
1094 4495 1206 4549 λιιιλιια
1223 4494 1339 4563 Scitote,
1357 4494 1406 4548 der
1423 4493 1484 4547 dem
1501 4492 1558 4547 Er-

251 4570 361 4625 wacben
383 4572 561 4627 namittelbar
582 4573 761 4643 amaasaebt‘
783 4575 813 4627 et
830 4572 867 4627 ib.
887 4591 914 4642 p.
930 4578 995 4627 39⁶:
1014 4574 1067 4641 „Je
1093 4574 1200 4629 λελολαιν
1221 4575 1270 4629 der
1296 4573 1395 4639 &blas
1412 4573 1462 4639 iet,
1485 4574 1559 4627 aaa

253 4650 378 4721 btnfiuer
395 4652 460 4707 ωἀἀ
478 4652 549 4708 anab
567 4653 612 4708 die
632 4652 777 4709 Τνᾰνιαι.“
