3550 5317
625 319 666 371 De
684 318 865 372 incubatione
884 317 1046 375 christiana.
1311 377 1313 380 ,
1394 325 1400 335 ’
1487 321 1528 383 61

226 484 333 547 nautis
353 484 484 547 adorare
503 482 640 545 refertur
658 481 880 565 Maximinum,
896 504 959 565 quo
978 482 1063 546 facto
1079 479 1135 568 (E)
1149 483 1272 565 „statua
1282 534 1289 546 .
1300 532 1306 545 .
1317 482 1437 546 aran
1449 484 1532 548 intu

228 583 291 646 itus
314 587 358 648 est
379 581 618 662 splendidum
642 577 694 665 (cf.
717 602 748 661 p.
769 576 876 663 lOsq.)
906 579 999 643 ueluti
1020 580 1066 644 sot
1090 583 1162 643 ante
1187 600 1297 643 uaoern
1323 598 1421 661 scurra
1446 600 1532 643 mare

227 684 371 743 eunteru“.
402 717 443 724 —
471 678 570 742 Punit
597 676 805 759 Maximinus,
834 676 867 738 id
895 676 981 758 quod
1003 673 1187 759 Aesculapii
1214 677 1332 739 iamata
1357 674 1532 760 Epidauria

228 778 262 840 in
285 781 425 840 mentem
447 798 595 840 revocare
614 778 729 859 potest,
754 773 983 838 obtrectatores
1003 796 1085 837 suos.
1122 772 1234 856 Itaque
1253 774 1311 855 vir,
1330 772 1385 856 qui
1404 795 1530 837 servum
1616 799 1618 802 ·

228 874 403 957 appellavit
436 877 594 957 sanetum,
627 874 661 935 111
697 872 848 955 sphaerae
880 870 1017 936 formam
1055 871 1269 956 contrahitur3
1301 870 1413 934 deinde
1442 878 1532 955 „ante

229 978 370 1037 sanctuni
393 972 492 1036 attare
514 972 702 1053 deponitur.
722 1021 728 1033 .
749 1021 755 1033 .
773 970 896 1035 sanitas
915 1018 921 1031 .
941 1018 948 1031 .
968 1020 974 1032 .
993 968 1151 1034 redditur‘
1174 990 1204 1051 p.
1223 968 1265 1033 27
1276 967 1311 1031 F.
1347 967 1528 1051 Presbyter,

230 1071 285 1153 qui
319 1092 414 1153 super
445 1069 606 1133 tumulum
638 1067 807 1131 Maximini
838 1068 1048 1150 peieraverat‚
1077 1065 1174 1149 paulo
1206 1068 1280 1149 post
1311 1066 1460 1148 moritur,
1488 1066 1530 1130 ib.

225 1190 255 1250 p.
275 1167 315 1231 21
328 1165 366 1232 Α.
403 1166 550 1249 Denique
574 1167 608 1230 in
630 1166 693 1229 fine
717 1164 909 1229 collocemus
931 1164 1101 1229 historiam
1119 1163 1349 1245 delectabilem,
1367 1164 1528 1247 quomodo

228 1269 356 1330 sanctus
381 1263 590 1329 Gisilbertum
620 1264 746 1345 ducem,
770 1263 826 1345 qui
849 1262 1035 1326 monasterii
1059 1261 1174 1325 fratres
1202 1261 1408 1345 ‚naumann
1430 1262 1531 1343 afflie-

226 1364 323 1429 tione“
353 1364 518 1447 depressit,
542 1361 746 1445 castigaverit
770 1358 813 1446 (p.
833 1360 875 1423 28
886 1357 942 1445 Β);
969 1360 1084 1423 fratres
1107 1359 1288 1444 „musitiuru
1308 1360 1345 1422 in
1366 1359 1448 1423 tune
1468 1380 1530 1423 rna

226 1462 301 1525 dura
337 1466 530 1544 restaurant,
573 1460 686 1523 antiret
725 1460 769 1522 ad
804 1456 919 1538 Repern
958 1478 1064 1539 rcpurn
1100 1457 1283 1521 Maximino
1312 1458 1531 1538 patrocinante

229 1580 321 1624 suurn
358 1560 476 1623 orando
507 1558 621 1639 referre
652 1556 813 1637 nepotiurn.
842 1556 924 1636 quod
959 1575 1028 1618 curn
1064 1554 1252 1635 aliquandiu
1288 1553 1374 1618 haud
1400 1554 1530 1635 sepniter

226 1660 374 1738 operetur,
396 1657 533 1737 quadan
551 1660 656 1719 nocte
680 1652 863 1717 uenerabilis
882 1652 1085 1716 Maximinus
1106 1652 1146 1715 iu
1169 1652 1312 1717 cisione
1334 1651 1406 1716 duci
1428 1653 1529 1732 quie-

227 1754 345 1817 scenti
362 1753 536 1835 superuenit
554 1803 561 1815 .
581 1802 587 1815 .
608 1752 729 1815 latera
746 1772 784 1814 ac
801 1750 945 1831 scapulas
962 1749 1095 1831 tapetiis
1117 1750 1268 1813 caedendo
1286 1748 1411 1813 lirantes
1427 1752 1531 1813 recidit

225 1850 389 1931 statimque
411 1844 692 1934 disparuit(0).“

316 1946 355 2010 In
376 1946 471 2010 Italia
493 1946 656 2031 superiore
680 1946 851 2010 incubandi
874 1968 967 2009 usum
991 1968 1091 2030 usque
1120 1946 1159 2009 ad
1187 1944 1347 2009 saeculum
1371 1945 1529 2008 decimum

227 2048 352 2108 sextum
375 2045 562 2128 perdurasse
586 2046 723 2107 testatur
742 2041 898 2128 Georgius
917 2042 1091 2125 Fabricius,
1115 2044 1171 2126 qni
1190 2044 1224 2106 in
1242 2043 1470 2106 commentario
1494 2043 1528 2105 in

226 2146 393 2225 poetarum
416 2146 561 2206 veterum
589 2143 876 2206 ecclesiasticorum
905 2141 1078 2205 christiana
1105 2162 1202 2225 opera
1228 2138 1361 2222 111211
1384 2162 1407 2203 s.
1430 2163 1459 2203 v.
1483 2140 1529 2203 in-

227 2239 355 2303 cubatio
390 2239 467 2302 dicit
500 2240 675 2317 „Patauii
706 2245 787 2303 certa
820 2244 905 2303 nocte
936 2240 970 2302 in
1001 2240 1069 2302 diui
1101 2238 1235 2302 Antonii
1270 2238 1470 2301 adolescentes
1501 2242 1530 2300 et

222 2337 347 2417 puellas
369 2337 546 2401 rusticanas
568 2337 722 2415 incubare,
745 2357 778 2400 eo
801 2335 949 2413 coenobie,
971 2356 1030 2416 pue
1052 2336 1173 2399 nuilurn
1195 2335 1285 2399 aliud
1312 2355 1349 2397 ea
1372 2334 1446 2398 urbe
1465 2335 1527 2415 fre-

226 2436 393 2514 quentius“.
439 2433 577 2497 Videtur
603 2455 669 2497 non
695 2433 816 2497 nullius
844 2455 912 2497 esse
939 2434 1108 2515 momenti,
1136 2433 1222 2515 quod
1254 2432 1339 2496 idem
1366 2430 1527 2495 Antonius

224 2532 308 2614 apud
341 2532 509 2614 pontifices
537 2532 657 2595 morbis
685 2531 805 2595 mederi
831 2531 962 2614 dicitur,
990 2531 1028 2594 cf.
1056 2531 1145 2594 Vink
1171 2528 1392 2595 Amoenitates
1422 2530 1528 2613 philo-

162 2708 166 2717 ,
223 2629 482 2714 logico-medicae
515 2653 546 2713 p.
567 2630 617 2693 13.
673 2626 725 2693 Ad
756 2629 902 2693 Latium
931 2628 951 2692 i.
975 2650 999 2691 e.
1028 2629 1166 2692 mediam
1194 2627 1321 2692 Italiam
1353 2628 1527 2712 pertinent,

225 2749 305 2810 quae
329 2750 427 2811 supra
453 2751 482 2810 p.
502 2726 597 2809 57sq.
626 2728 664 2790 de
686 2726 835 2790 Redemti
858 2726 1047 2790 Ferentinae
1070 2727 1210 2790 civitatis
1234 2726 1378 2809 episcopi
1401 2726 1525 2789 visione

223 2825 425 2905 protulimus.
461 2824 500 2888 ln
518 2824 664 2888 Romana
686 2825 818 2888 ecclesia
841 2824 925 2887 circa
947 2847 1066 2888 annum
1084 2824 1149 2887 220
1168 2824 1406 2887 incubationem
1428 2822 1526 2885 fuisse

225 2922 467 2985 usitatissimam
496 2944 535 2985 ex
563 2921 736 3005 Hippolyti
768 2918 976 3007 canonibus¹)
1009 2924 1153 3004 apparet,
1181 2920 1237 2982 ubi
1269 2919 1422 3004 legantur
1449 2920 1527 2983 haec

224 3016 347 3105 (XXIV
366 3020 429 3082 221
451 3042 482 3102 p.
500 3018 590 3105 123);
613 3022 687 3100 „qui
712 3025 814 3083 autern
832 3021 997 3101 propriam
1020 3014 1145 3082 domurn
1167 3017 1268 3095 habet,
1290 3020 1415 3098 quaudo
1437 3018 1526 3100 infir-

223 3122 340 3195 maur,
374 3138 437 3181 non
475 3120 682 3200 transferatur
707 3119 744 3181 in
778 3119 904 3182 domurn
931 3117 1008 3198 Dei,
1034 3118 1088 3180 sect
1114 3120 1178 3179 oret
1204 3118 1428 3193 tantummodo,
1456 3120 1528 3179 tune

224 3215 330 3279 redeat
350 3216 386 3278 in
409 3217 534 3279 doraum
556 3220 673 3279 suarn“.
719 3214 807 3290 Quae
830 3219 943 3280 eontra
961 3213 1133 3278 incubandi
1155 3213 1305 3277 videlicet
1332 3235 1426 3277 usum
1450 3217 1525 3277 sant

224 3312 407 3393 constituta,
431 3312 470 3375 cf.
489 3309 619 3375 Achelis
642 3336 673 3396 p.
694 3312 766 3376 208.

314 3408 427 3472 Multis
450 3409 530 3473 locis
553 3407 665 3473 Italiae
685 3410 845 3474 inferioris
865 3411 962 3474 etiam
981 3414 1091 3475 nostra
1108 3413 1212 3474 aetate
1231 3409 1375 3474 incubari
1393 3410 1524 3473 adnotat

226 3503 326 3568 Trade
349 3505 415 3569 Das
443 3504 638 3570 Heidentnm
667 3507 701 3571 in
714 3567 716 3574 ,
729 3508 784 3570 der
810 3507 991 3572 rimisehen
1018 3500 1136 3571 Kirclie
1164 3506 1211 3570 IV
1234 3530 1264 3591 p.
1286 3507 1357 3571 177.
1403 3506 1442 3570 In
1464 3506 1525 3570 cla-

225 3602 352 3666 rissimo
376 3602 489 3667 Matris
513 3603 646 3667 Domini
668 3625 757 3669 sacro
781 3627 883 3689 prope
906 3606 1017 3669 urbem
1040 3603 1073 3669 N
1079 3626 1188 3668 caera
1211 3605 1273 3668 sito
1296 3627 1354 3687 per
1376 3626 1524 3668 somnum

224 3698 370 3764 homines
399 3700 508 3766 divino
537 3701 688 3765 fruuntur
715 3703 849 3766 consilio
874 3699 954 3791 (ib).
1000 3701 1127 3766 Similia
1154 3703 1188 3764 in
1215 3699 1392 3765 Calabria
1420 3702 1541 3766 obser--

225 3799 293 3861 vari
315 3802 464 3883 possunt:
488 3799 539 3863 die
559 3803 671 3863 octavo
690 3800 891 3884 septembris,
914 3822 986 3864 eum
1005 3800 1184 3864 Madonnae
1204 3800 1236 3862 di
1254 3799 1426 3863 Pcssoruto
1446 3802 1524 3864 cele-

225 3894 336 3959 bratur
358 3897 485 3981 festum,
509 3898 541 3980 ii,
566 3898 621 3981 qni
645 3920 678 3962 se
697 3897 904 3963 incubaturos
928 3921 996 3962 esse
1019 3901 1185 3980 voverunt,
1209 3898 1371 3961 somniaa
1393 3900 1523 3962 numine

224 3993 281 4057 illo
305 3998 498 4077 exspectant.
544 3995 761 4061 Francavillae
785 3994 912 4079 quoque
935 3995 1014 4059 talia
1036 3996 1128 4079 fiunt,
1151 3994 1190 4057 of.
1209 3995 1250 4058 ib.
1270 4019 1300 4079 p.
1322 3996 1393 4060 178.

311 4090 350 4155 In
373 4093 528 4157 orientem
552 4094 680 4157 deducit
696 4116 756 4158 nos
777 4090 924 4178 Gregorii
942 4091 1138 4156 Turonensis
1156 4091 1245 4156 locus
1265 4091 1313 4179 (in
1332 4093 1411 4178 glor.
1430 4097 1522 4157 mart.

223 4188 265 4252 99
289 4186 375 4254 Mon.
406 4187 509 4255 Germ.
528 4213 558 4274 p.
578 4188 670 4278 554):
694 4190 829 4255 Iudaeus
853 4190 983 4273 quidam
1012 4190 1114 4254 sancti
1136 4189 1274 4254 Domitii
1301 4190 1466 4255 basilicam
1489 4192 1523 4253 in

311 4456 336 4523 1)
354 4454 407 4508 Die
427 4454 552 4509 canones
571 4454 717 4525 Hippolyti
736 4472 790 4509 von
803 4454 881 4509 Hans
895 4454 1017 4524 Achelis,
1036 4453 1123 4508 Texte
1137 4455 1194 4508 und
1208 4452 1460 4521 Untereuehungen
1474 4470 1522 4505 zur

225 4534 392 4588 Geschichte
411 4534 461 4587 der
484 4533 707 4588 altchristlichen
729 4535 885 4589 Litteratur
902 4535 942 4589 VI
955 4541 977 4588 4.
1004 4567 1038 4574 -
1063 4534 1153 4599 Quam
1175 4534 1212 4587 ad
1235 4533 1378 4602 regionem
1401 4548 1521 4586 canones

220 4614 265 4667 illi
281 4613 451 4683 pertineant,
466 4632 489 4669 v.
504 4632 530 4683 p.
546 4620 611 4682 2363
630 4614 665 4667 de
680 4618 774 4669 aetate
789 4616 823 4671 cf.
838 4634 864 4685 p.
881 4620 932 4668 266
943 4632 982 4683 sq.
999 4615 1152 4669 —Locum
1164 4613 1234 4666 mihi
1248 4611 1409 4665 amabiliter
1422 4628 1521 4681 suppe-

221 4693 323 4748 ditavit
339 4695 458 4748 Ioannes
476 4695 569 4748 Bauer
586 4694 734 4765 theologus
753 4694 971 4766 Marpurgensis.
