3550 5317
682 312 724 365 De
742 310 856 366 somniis
875 309 987 364 divinis.
1442 308 1484 373 13

252 470 345 545 [μ]ένη
372 474 405 542 (ί)
434 471 606 540 εὔμορφον
637 468 701 525 ίίαν
730 469 942 541 ὑπερβ[οί]ην1)
971 467 1105 537 οάροίνιόν
1134 487 1162 521 τι
1191 467 1311 531 ιιοίίίος
1340 468 1484 539 έχουσα[ν]

251 549 409 619 ἀδιηγήτως
434 547 564 617 ὡραίαν
582 550 631 603 καί
657 546 762 620 [ν]έαν
787 551 842 602 ιιτί,
883 548 937 602 Vel
962 548 1091 616 Wessely
1116 546 1226 602 Griech.
1252 547 1484 617 Zauberpapyrus

250 648 277 700 p.
293 636 336 699 36,
355 634 490 697 634sqq.:
520 626 588 683 όταν
612 624 663 683 otu
681 636 763 681 τοῦτο
781 626 908 699 ποιήσῃς,
924 626 982 700 ὄψῃ
996 627 1068 682 θεὸν
1086 628 1251 695 νεώτερον
1270 628 1384 697 εὐειδῆ
1403 646 1484 697 πυρι-

249 708 364 779 νότριχα
383 707 414 763 έν
436 718 532 779 χιτῶνι
549 711 658 780 lausqi
676 708 725 763 καί
748 707 867 777 χίαμόδι
883 704 1002 779 ιιοιιιιίνῃ
1022 706 1121 777 έχοντα
1138 707 1286 776 πύρινον
1305 705 1483 776 στέφανον.

250 789 296 859 (cf.
311 807 337 859 p.
347 791 438 858 10sq.)
465 786 706 842 Pulchritudinem
719 784 844 840 mulieris
858 802 909 855 per
927 786 1066 840 somnium
1078 785 1156 840 visae
1171 786 1286 855 eiusque
1300 788 1391 840 vestes
1405 787 1484 841 albas

250 869 337 923 etiam
359 869 488 923 Socrates
511 867 631 922 adnotat
652 865 683 919 in
701 864 827 920 Platonis
847 865 950 921 Criton.
974 884 1002 936 p.
1016 872 1052 921 44
1069 865 1150 938 AJB:
1179 865 1271 922 ἐδόκει
1287 863 1330 927 τίς
1349 884 1395 934 μοι
1414 866 1484 935 γυνὴ

249 951 443 1018 προσελθοῦσα
462 946 545 1016 καλὴ
564 947 613 1001 aul
632 944 747 1013 εόειδή
753 966 779 1013 ς,
796 945 899 1001 ίευιιδι
913 944 1009 1014 ίμοίτια
1028 945 1137 1016 ἔχουσα,
1154 944 1270 1001 καλέσαι
1282 964 1315 1015 με
1329 947 1378 999 καί
1396 946 1485 1001 εἰπεῖν

252 1032 308 1083 κτλ.
351 1027 477 1092 Quocum
502 1025 614 1096 egregie
645 1024 809 1092 concinunt,
839 1040 912 1094 quae
942 1026 1019 1096 apud
1047 1025 1230 1080 Aristotelem
1253 1025 1386 1094 leguntur
1421 1026 1485 1094 περί

250 1104 390 1162 ἐνυπνίων
408 1106 494 1160 4581)
521 1111 553 1159 10
578 1123 605 1174 p.
621 1110 655 1158 63
680 1104 773 1159 Biehl:
808 1104 878 1158 ἀίίόι
904 1104 958 1175 μὴν
983 1103 1050 1160 οὐδὲ
1071 1111 1106 1177 τῇ
1129 1104 1199 1178 δόξῃ
1221 1107 1270 1174 (sc.
1293 1105 1326 1160 τό
1351 1106 1485 1162 ένόπνιου

250 1184 468 1256 αἰσθανόμεθα).
509 1186 543 1240 od
571 1184 624 1255 γὰρ
647 1182 735 1253 μόνον
757 1184 788 1239 τό
810 1182 929 1253 προσιόν
952 1203 1045 1254 φαμεν
1070 1184 1225 1253 ἄνθρωπον
1249 1182 1267 1253 ἢ
1291 1184 1393 1254 ἵππον,
1416 1185 1485 1239 ἀλλά

252 1268 301 1322 καί
319 1266 440 1321 λευκόν
458 1264 477 1335 ἢ
496 1264 608 1321 καλόν.

181 1393 302 1459 Odores
327 1393 435 1457 dulces
460 1414 476 1456 e
499 1392 645 1477 personis
669 1394 786 1455 exeunt
809 1390 1048 1475 apparentibus.

251 1516 292 1570 De
310 1514 436 1568 Athena:
455 1514 585 1577 ἀπῶζεν
608 1511 640 1567 δὲ
658 1513 706 1566 ιιαί
724 1520 773 1582 τῆς
796 1510 906 1581 αἰγίδος
929 1508 972 1565 ότι
993 1509 1134 1580 ἥδιστον
1156 1511 1272 1567 Arietid.
1291 1513 1319 1565 II
1335 1513 1484 1580 403,27Κ.

249 1595 291 1649 De
309 1592 477 1647 Protesilao:
496 1590 614 1657 ἀπόζει
637 1592 723 1645 αότοῦ
746 1590 846 1660 ἥδιον
869 1588 955 1659 ἢτοῦ
974 1591 1135 1659 μετοπώρου
1153 1600 1208 1646 τῶν
1227 1592 1336 1660 μύρτων
1354 1591 1484 1646 Philostr.

249 1673 359 1727 Heroio.
379 1677 431 1725 673
449 1690 475 1741 p.
492 1678 556 1740 141,
576 1677 618 1726 27.
652 1671 686 1727 cf.
709 1671 782 1726 Plut.
807 1671 842 1724 de
868 1671 925 1733 def,
944 1687 983 1725 or.
1003 1677 1035 1724 21
1055 1689 1082 1739 p.
1098 1677 1149 1724 421
1164 1672 1187 1723 B
1205 1673 1240 1741 (v.
1260 1673 1366 1741 snpra):
1394 1675 1484 1741 φθεγ-

250 1750 369 1822 γομένου
379 1750 420 1820 δέ,
429 1752 479 1807 τόν
492 1750 580 1806 τόπον
595 1748 719 1805 εὐωδία
734 1759 852 1821 κατεῖχε,
865 1759 915 1804 τοῦ
934 1748 1069 1820 στόματος
1082 1748 1224 1819 ἥδιστον
1242 1749 1484 1813 ἀποπνέοντος.

181 1878 388 1943 Evanescunt
417 1878 539 1963 subito,
563 1877 649 1962 quod
679 1877 871 1960 exprimitur
897 1876 1004 1941 verbis
1031 1876 1255 1943 ἀποπέτεσθαι
1282 1878 1333 1942 vel
1356 1877 1487 1961 ἀφανὴς

185 1979 369 2059 γίγνεσθαι.

252 2098 302 2153 τὸν
325 2095 377 2166 μὲν
398 2105 486 2152 ταῦτα
510 2095 626 2152 εἰπόντα
644 2094 737 2151 ἐδόκει
755 2095 770 2150 ό
789 2094 895 2166 Ξέρξης
913 2095 1099 2151 ἀποπτάσθαι
1117 2096 1218 2150 Herod.
1237 2095 1289 2149 VH
1303 2101 1344 2149 13.
1372 2095 1486 2165 ἀφανὴς

251 2178 326 2249 αὐτῷ
346 2175 454 2247 ἐγένετο
473 2177 681 2248 (Telesphorus)
699 2176 799 2230 Marin.
818 2194 843 2230 v.
863 2176 956 2230 Procli
976 2182 1000 2231 7.

270 2284 321 2348 Ex
345 2285 411 2370 his,
439 2307 520 2369 quae
548 2284 686 2369 catalogi
713 2284 765 2349 vel
792 2285 908 2355 indicis
936 2284 1039 2348 instar
1066 2285 1210 2348 conferre
1238 2284 1389 2348 idoneum
1416 2306 1486 2348 esse

181 2383 303 2466 putavi,
319 2382 397 2446 satis
412 2381 516 2446 elucet
533 2382 567 2446 iu
586 2382 719 2447 somniis
738 2381 964 2464 describendis,
982 2382 1159 2465 etquidem
1178 2382 1218 2445 iis
1237 2382 1380 2466 somniis,
1404 2404 1486 2466 quae

180 2480 214 2543 vi
247 2480 356 2544 divina
388 2480 534 2562 praedita
564 2501 632 2543 esse
662 2479 885 2563 credebantur,
921 2501 1047 2563 semper
1076 2479 1203 2543 easdem
1233 2500 1397 2544 occurrere
1426 2502 1486 2544 res.

184 2575 276 2653 Quod
300 2576 429 2661 quidem
452 2576 492 2639 ad
516 2598 627 2641 sensus
651 2577 882 2641 somniantium
909 2578 1059 2640 universe
1084 2577 1237 2661 pertinet,
1264 2577 1359 2641 nobis
1383 2577 1486 2641 dicen-

181 2673 257 2737 dum
280 2678 330 2737 est
352 2673 422 2759 illa,
446 2696 527 2759 quae
550 2674 653 2758 primo
677 2674 748 2739 loco
772 2674 1011 2758 composuimus
1040 2695 1183 2759 quaeque
1205 2673 1375 2738 Iamblichi
1397 2696 1486 2758 prae-

181 2773 274 2855 cipue
292 2772 401 2836 verbis
421 2772 541 2855 optime
559 2770 773 2856 illustrantur,
796 2772 965 2857 mysticam
984 2772 1145 2856 quandam
1164 2770 1314 2836 exhibere
1332 2772 1485 2837 indolem:

182 2870 253 2932 dico
277 2869 315 2931 de
338 2868 392 2953 iis,
415 2890 496 2951 quae
519 2892 625 2954 eures,
653 2868 776 2953 oculos,
803 2870 906 2933 totius
929 2870 1074 2954 corporis
1105 2891 1234 2933 sensum
1255 2869 1417 2953 afficiunt,
1447 2870 1486 2934 de

180 2966 327 3049 vocibus,
351 2987 432 3050 quae
454 2965 641 3052 audiuntur,
665 2967 704 3030 de
726 2966 863 3050 mystica
890 2966 961 3031 luce
988 2965 1145 3052 fulgente,
1173 2968 1211 3031 de
1239 2987 1317 3031 aura
1343 2988 1486 3051 amoena,

181 3085 244 3147 qua
266 3064 504 3128 circumeuntur
522 3063 725 3128 somniantes.
754 3062 837 3129 Sunt
860 3064 945 3128 inter
967 3068 1096 3128 nostrae
1118 3086 1246 3149 quoque
1268 3064 1383 3128 aetatis
1406 3063 1485 3149 hyp-

181 3161 313 3225 uotismi
336 3165 368 3224 et
391 3161 561 3245 spiritismi
585 3164 739 3245 auctores,
763 3162 819 3245 qui
842 3161 921 3226 talia
943 3162 977 3225 in
995 3162 1198 3227 consessibus
1221 3162 1288 3227 suis
1311 3163 1381 3225 fieri
1403 3183 1486 3226 asse-

180 3262 300 3321 verent.
346 3255 452 3342 Magis
476 3257 573 3322 etiam
596 3259 801 3342 perspicuum
824 3264 873 3323 est
897 3260 1064 3325 concinere
1087 3282 1168 3344 quae
1196 3260 1234 3323 de
1258 3260 1308 3323 dis
1330 3260 1411 3342 ipsis
1434 3258 1486 3324 vel

181 3354 390 3417 daemonibus
410 3355 565 3418 divinitus
584 3355 692 3420 missis
710 3357 926 3438 proferuntur.
968 3356 1112 3433 Quorum
1134 3357 1323 3443 magnitudo
1346 3357 1486 3441 pulchri-

181 3451 260 3515 tudo
284 3452 433 3515 iuventus
456 3451 624 3516 caelestem
647 3456 796 3516 naturam
819 3455 916 3539 atque
943 3452 1101 3539 originem
1129 3454 1304 3540 declarant,
1328 3477 1486 3517 summam

183 3549 269 3612 enim
292 3548 424 3611 numina
447 3548 503 3612 illa
525 3548 754 3633 perfectionem
777 3554 943 3634 praestant
969 3556 1066 3636 atque
1093 3549 1370 3636 absolutioneml).
1416 3550 1486 3627 Qua

180 3646 215 3709 in
245 3668 280 3709 re
310 3646 503 3710 monendum
533 3646 660 3710 videtur
689 3648 793 3711 inesse
822 3647 984 3735 nonnihil,
1014 3650 1101 3733 quod
1131 3650 1169 3712 de
1202 3648 1371 3713 beatorum
1400 3653 1486 3713 terra

183 3765 357 3827 eorumque
385 3743 492 3807 indole
519 3765 601 3828 quae
629 3745 823 3829 referuntur,
851 3746 885 3810 in
913 3747 1101 3811 memoriam
1128 3766 1241 3810 vocare
1273 3746 1385 3829 possit.
1431 3745 1486 3811 Sic

182 3842 294 3906 odores
327 3841 449 3926 dulces,
481 3864 562 3926 quos
592 3865 609 3905 e
638 3843 785 3927 personis
814 3845 1046 3929 apparentibus
1077 3843 1163 3907 exire
1198 3842 1421 3907 adnotavimus
1450 3844 1484 3907 in

183 3937 271 4004 illius
286 3960 413 4023 quoque
426 3942 529 4003 terrae
548 3939 818 4023 descriptionibus
835 3962 902 4004 non
920 3941 1018 4005 semel
1036 3943 1334 4005 commemorantur.
1358 3941 1397 4004 of.
1411 3962 1485 4005 cum

183 4035 236 4119 iis,
268 4057 350 4119 quae
386 4058 483 4120 supra
522 4035 705 4121 attulimus,
736 4036 820 4101 Plut.
854 4037 893 4101 de
925 4059 996 4103 sera
1026 4059 1112 4102 num.
1141 4037 1226 4102 vind.
1249 4038 1293 4102 22
1320 4061 1351 4122 p.
1374 4037 1483 4102 565F:

184 4130 337 4209 ἐξέπνει
360 4130 397 4197 δέ
418 4135 569 4217 μαλακὴν
591 4132 645 4199 καί
659 4145 800 4220 πραεῖαν
823 4136 932 4220 αὔραν
954 4134 1075 4219 ὀσμὰς
1097 4133 1335 4222 ἀναφέρουσαν
1361 4135 1485 4219 ἡδονῆς

182 4251 218 4293 τε
248 4232 437 4313 θαυμασίας
468 4236 536 4295 ατί.
590 4229 652 4296 Vel
681 4230 756 4295 Luc.
790 4253 853 4297 ver.
880 4231 956 4296 hist.
981 4231 1014 4297 Π
1040 4231 1074 4298 5:
1106 4236 1283 4318 θαυμαστή
1311 4256 1361 4309 τις
1396 4234 1484 4318 αὔρα

182 4324 472 4409 περιέπνευσεν
495 4326 589 4411 ἡμᾶς,
612 4328 706 4411 ἡδεῖα
728 4326 784 4394 καί
811 4329 972 4413 εὐώδης,
1001 4330 1077 4395 οίαν
1104 4328 1208 4415 φησίν
1231 4329 1249 4395 ὁ
1272 4332 1484 4416 συγγραφεὺς

177 4422 359 4511 Ἡρόδοτος
382 4424 542 4503 ἀπόζειν
563 4433 622 4507 τῆς
639 4426 836 4511 εὐδαίμονος
849 4425 1013 4514 Ἀραβίας.
1041 4425 1096 4514 (cf.
1111 4428 1208 4492 etiam
1222 4450 1253 4511 p.
1270 4425 1335 4513 10.)
1359 4424 1483 4501 Quibus

180 4541 394 4551 ———---—

271 4602 298 4669 1)
315 4600 550 4670 ?„1bereodiu9
567 4600 601 4667 os
615 4600 668 4655 this
684 4601 760 4655 word
777 4602 802 4656 ιε
819 4618 883 4673 υαμ
902 4602 1047 4670 ἀοιιότίαδ(
1064 4603 1189 4671 Kenyon.

270 4682 296 4751 2)
316 4680 348 4733 Id
367 4682 442 4749 quod
460 4679 610 4735 vernacula
628 4679 727 4751 lingua
745 4681 936 4752 significamus
955 4698 1022 4736 voco
1041 4680 1256 4751 ‘ldealgestalt’.
