<?xml version="1.0" encoding="UTF-8"?>
<!DOCTYPE html PUBLIC "-//W3C//DTD XHTML 1.0 Transitional//EN"
    "http://www.w3.org/TR/xhtml1/DTD/xhtml1-transitional.dtd">
<html xmlns="http://www.w3.org/1999/xhtml" xml:lang="en" lang="en">
 <head>
  <title>
</title>
<meta http-equiv="Content-Type" content="text/html;charset=utf-8" />
  <meta name='ocr-system' content='tesseract 3.04.00' />
  <meta name='ocr-capabilities' content='ocr_page ocr_carea ocr_par ocr_line ocrx_word'/>
</head>
<body>
  <div class='ocr_page' id='page_1' title='image "./deincubationeca01deubgoog_0130.png"; bbox 0 0 3550 5317; ppageno 0'>
   <div class='ocr_carea' id='block_1_1' title="bbox 278 332 1001 401">
    <p class='ocr_par' dir='ltr' id='par_1_1' title="bbox 278 332 1001 401">
     <span class='ocr_line' id='line_1_1' title="bbox 278 332 1001 401; baseline 0.003 -16"><span class='ocrx_word' id='word_1_1' title='bbox 278 337 341 401; x_wconf 81' lang='lat'><strong>118</strong></span> <span class='ocrx_word' id='word_1_2' title='bbox 858 332 1001 387; x_wconf 83' lang='lat' dir='ltr'><strong>Praefatio</strong></span> 
     </span>
    </p>
   </div>
   <div class='ocr_carea' id='block_1_2' title="bbox 248 493 1629 4200">
    <p class='ocr_par' dir='ltr' id='par_1_2' title="bbox 275 493 1617 1267">
     <span class='ocr_line' id='line_1_2' title="bbox 277 493 1583 582; baseline -0.002 -18"><span class='ocrx_word' id='word_1_3' title='bbox 277 501 317 564; x_wconf 89' lang='lat' dir='ltr'><strong>iis</strong></span> <span class='ocrx_word' id='word_1_4' title='bbox 340 502 517 564; x_wconf 78' lang='lat' dir='ltr'><strong>consonent</strong></span> <span class='ocrx_word' id='word_1_5' title='bbox 540 520 621 582; x_wconf 91' lang='lat' dir='ltr'><strong>quae</strong></span> <span class='ocrx_word' id='word_1_6' title='bbox 644 523 673 563; x_wconf 84' lang='lat' dir='ltr'><strong>v.</strong></span> <span class='ocrx_word' id='word_1_7' title='bbox 693 498 713 561; x_wconf 92' lang='grc'><strong>2</strong></span> <span class='ocrx_word' id='word_1_8' title='bbox 737 501 900 562; x_wconf 89' lang='lat' dir='ltr'><strong>secuntur:</strong></span> <span class='ocrx_word' id='word_1_9' title='bbox 928 509 1038 561; x_wconf 81' lang='grc' dir='ltr'><strong><em>πᾶσαν</em></strong></span> <span class='ocrx_word' id='word_1_10' title='bbox 1064 494 1119 560; x_wconf 86' lang='grc' dir='ltr'><strong>καλ</strong></span> <span class='ocrx_word' id='word_1_11' title='bbox 1143 500 1325 579; x_wconf 78' lang='grc' dir='ltr'><strong><em>Αἴγυπτον.</em></strong></span> <span class='ocrx_word' id='word_1_12' title='bbox 1370 493 1484 580; x_wconf 81' lang='lat' dir='ltr'>Neque</span> <span class='ocrx_word' id='word_1_13' title='bbox 1507 519 1583 562; x_wconf 84' lang='lat' dir='ltr'><strong>vero</strong></span> 
     </span>
     <span class='ocr_line' id='line_1_3' title="bbox 278 593 1584 680; baseline -0.003 -18"><span class='ocrx_word' id='word_1_14' title='bbox 278 598 381 662; x_wconf 83' lang='lat' dir='ltr'><strong>facere</strong></span> <span class='ocrx_word' id='word_1_15' title='bbox 403 618 549 680; x_wconf 90' lang='lat' dir='ltr'><strong>possum,</strong></span> <span class='ocrx_word' id='word_1_16' title='bbox 578 598 656 680; x_wconf 88' lang='lat' dir='ltr'><strong>qui&#39;n</strong></span> <span class='ocrx_word' id='word_1_17' title='bbox 680 596 777 660; x_wconf 90' lang='lat' dir='ltr'><strong>etiam</strong></span> <span class='ocrx_word' id='word_1_18' title='bbox 800 593 865 678; x_wconf 75' lang='lat' dir='ltr'><strong>5,ss</strong></span> <span class='ocrx_word' id='word_1_19' title='bbox 893 596 1065 679; x_wconf 80' lang='grc' dir='ltr'><strong><em>θήσαυρος</em></strong></span> <span class='ocrx_word' id='word_1_20' title='bbox 1091 593 1262 678; x_wconf 87' lang='lat' dir='ltr'><strong>legendum</strong></span> <span class='ocrx_word' id='word_1_21' title='bbox 1290 613 1359 658; x_wconf 85' lang='lat' dir='ltr'><strong>esse</strong></span> <span class='ocrx_word' id='word_1_22' title='bbox 1387 594 1584 658; x_wconf 78' lang='lat' dir='ltr'><strong>existimem:</strong></span> 
     </span>
     <span class='ocr_line' id='line_1_4' title="bbox 279 693 1586 778; baseline 0 -20"><span class='ocrx_word' id='word_1_23' title='bbox 279 694 423 760; x_wconf 87' lang='lat' dir='ltr'><strong>clausula</strong></span> <span class='ocrx_word' id='word_1_24' title='bbox 447 693 637 777; x_wconf 89' lang='lat' dir='ltr'><strong>didactylica</strong></span> <span class='ocrx_word' id='word_1_25' title='bbox 659 695 771 776; x_wconf 89' lang='lat' dir='ltr'><strong>utique</strong></span> <span class='ocrx_word' id='word_1_26' title='bbox 793 693 978 777; x_wconf 88' lang='lat' dir='ltr'><strong>postulatur</strong></span> <span class='ocrx_word' id='word_1_27' title='bbox 999 713 1102 775; x_wconf 89' lang='lat' dir='ltr'><strong>neque</strong></span> <span class='ocrx_word' id='word_1_28' title='bbox 1125 695 1234 756; x_wconf 87' lang='lat' dir='ltr'><strong>tamen</strong></span> <span class='ocrx_word' id='word_1_29' title='bbox 1261 693 1302 756; x_wconf 83' lang='grc' dir='ltr'><strong><em>τὰ</em></strong></span> <span class='ocrx_word' id='word_1_30' title='bbox 1328 695 1586 778; x_wconf 86' lang='grc' dir='ltr'><strong><em>θησαυρίσματα</em></strong></span> 
     </span>
     <span class='ocr_line' id='line_1_5' title="bbox 278 789 1585 876; baseline -0.002 -19"><span class='ocrx_word' id='word_1_31' title='bbox 278 791 396 857; x_wconf 81' lang='lat' dir='ltr'><strong>similia</strong></span> <span class='ocrx_word' id='word_1_32' title='bbox 419 791 495 856; x_wconf 81' lang='lat' dir='ltr'><strong>ferri</strong></span> <span class='ocrx_word' id='word_1_33' title='bbox 517 795 662 876; x_wconf 88' lang='lat' dir='ltr'><strong>possunt,</strong></span> <span class='ocrx_word' id='word_1_34' title='bbox 686 791 770 876; x_wconf 85' lang='lat' dir='ltr'><strong>quia,</strong></span> <span class='ocrx_word' id='word_1_35' title='bbox 793 812 867 854; x_wconf 91' lang='lat' dir='ltr'><strong>cum</strong></span> <span class='ocrx_word' id='word_1_36' title='bbox 890 789 944 854; x_wconf 91' lang='lat' dir='ltr'><strong>hic</strong></span> <span class='ocrx_word' id='word_1_37' title='bbox 968 810 1095 874; x_wconf 93' lang='lat' dir='ltr'><strong>quoque</strong></span> <span class='ocrx_word' id='word_1_38' title='bbox 1118 811 1198 872; x_wconf 87' lang='lat' dir='ltr'><strong>quae</strong></span> <span class='ocrx_word' id='word_1_39' title='bbox 1222 789 1306 852; x_wconf 90' lang='lat' dir='ltr'><strong>inter</strong></span> <span class='ocrx_word' id='word_1_40' title='bbox 1330 811 1363 852; x_wconf 87' lang='lat' dir='ltr'><strong>se</strong></span> <span class='ocrx_word' id='word_1_41' title='bbox 1389 791 1585 873; x_wconf 83' lang='lat' dir='ltr'><strong>respondent</strong></span> 
     </span>
     <span class='ocr_line' id='line_1_6' title="bbox 277 885 1617 974; baseline -0.002 -20"><span class='ocrx_word' id='word_1_42' title='bbox 277 889 348 954; x_wconf 93' lang='lat' dir='ltr'><strong>cola</strong></span> <span class='ocrx_word' id='word_1_43' title='bbox 370 911 502 974; x_wconf 89' lang='lat' dir='ltr'><strong>prorsus</strong></span> <span class='ocrx_word' id='word_1_44' title='bbox 527 890 662 956; x_wconf 88' lang='lat' dir='ltr'><strong>eundem</strong></span> <span class='ocrx_word' id='word_1_45' title='bbox 685 911 855 954; x_wconf 90' lang='lat' dir='ltr'><strong>numerum</strong></span> <span class='ocrx_word' id='word_1_46' title='bbox 878 887 1052 953; x_wconf 79' lang='lat' dir='ltr'><strong>exhibeant</strong></span> <span class='ocrx_word' id='word_1_47' title='bbox 1080 885 1317 974; x_wconf 75' lang='lat' dir='ltr'><strong>syllabarum1),</strong></span> <span class='ocrx_word' id='word_1_48' title='bbox 1344 887 1467 951; x_wconf 90' lang='lat' dir='ltr'><strong>nullam</strong></span> <span class='ocrx_word' id='word_1_49' title='bbox 1491 887 1585 971; x_wconf 85' lang='lat' dir='ltr'><strong>sylla-</strong></span> <span class='ocrx_word' id='word_1_50' title='bbox 1613 886 1617 891; x_wconf 78' lang='grc'><strong>’</strong></span> 
     </span>
     <span class='ocr_line' id='line_1_7' title="bbox 276 983 1585 1070; baseline 0 -20"><span class='ocrx_word' id='word_1_51' title='bbox 276 988 350 1052; x_wconf 90' lang='lat' dir='ltr'><strong>bam</strong></span> <span class='ocrx_word' id='word_1_52' title='bbox 378 987 454 1051; x_wconf 91' lang='lat' dir='ltr'><strong>licet</strong></span> <span class='ocrx_word' id='word_1_53' title='bbox 477 986 609 1052; x_wconf 87' lang='lat' dir='ltr'><strong>adicere.</strong></span> <span class='ocrx_word' id='word_1_54' title='bbox 654 985 789 1052; x_wconf 80' lang='lat' dir='ltr'><strong>Accedit</strong></span> <span class='ocrx_word' id='word_1_55' title='bbox 812 986 898 1069; x_wconf 91' lang='lat' dir='ltr'><strong>quod</strong></span> <span class='ocrx_word' id='word_1_56' title='bbox 920 986 1006 1070; x_wconf 88' lang='lat' dir='ltr'><strong>apud</strong></span> <span class='ocrx_word' id='word_1_57' title='bbox 1029 987 1137 1069; x_wconf 90' lang='lat' dir='ltr'><strong>ipsum</strong></span> <span class='ocrx_word' id='word_1_58' title='bbox 1156 983 1374 1068; x_wconf 84' lang='lat' dir='ltr'><strong>Sophronium</strong></span> <span class='ocrx_word' id='word_1_59' title='bbox 1398 984 1517 1049; x_wconf 85' lang='lat' dir='ltr'><strong>similia</strong></span> <span class='ocrx_word' id='word_1_60' title='bbox 1539 987 1585 1050; x_wconf 92' lang='lat' dir='ltr'><strong>in-</strong></span> 
     </span>
     <span class='ocr_line' id='line_1_8' title="bbox 275 1072 1586 1169; baseline -0.002 -19"><span class='ocrx_word' id='word_1_61' title='bbox 275 1086 464 1169; x_wconf 71' lang='lat' dir='ltr'><strong>veniuntur,</strong></span> <span class='ocrx_word' id='word_1_62' title='bbox 486 1107 561 1150; x_wconf 90' lang='lat' dir='ltr'><strong>nam</strong></span> <span class='ocrx_word' id='word_1_63' title='bbox 585 1087 618 1149; x_wconf 90' lang='lat' dir='ltr'><strong>in</strong></span> <span class='ocrx_word' id='word_1_64' title='bbox 642 1085 728 1149; x_wconf 90' lang='lat' dir='ltr'><strong>mirr.</strong></span> <span class='ocrx_word' id='word_1_65' title='bbox 749 1082 825 1167; x_wconf 80' lang='lat' dir='ltr'><strong>Cyri</strong></span> <span class='ocrx_word' id='word_1_66' title='bbox 848 1072 1033 1148; x_wconf 85' lang='lat' dir='ltr'><strong>etloannis</strong></span> <span class='ocrx_word' id='word_1_67' title='bbox 1055 1084 1072 1146; x_wconf 92' lang='lat'>1</span> <span class='ocrx_word' id='word_1_68' title='bbox 1101 1105 1131 1166; x_wconf 89' lang='lat' dir='ltr'><strong>p.</strong></span> <span class='ocrx_word' id='word_1_69' title='bbox 1151 1080 1318 1166; x_wconf 73' lang='lat' dir='ltr'><strong>34250s1)</strong></span> <span class='ocrx_word' id='word_1_70' title='bbox 1341 1082 1513 1168; x_wconf 83' lang='lat' dir='ltr'><strong>legendum</strong></span> <span class='ocrx_word' id='word_1_71' title='bbox 1537 1086 1586 1148; x_wconf 88' lang='lat' dir='ltr'><strong>est</strong></span> 
     </span>
     <span class='ocr_line' id='line_1_9' title="bbox 275 1177 1461 1267; baseline -0.003 -20"><span class='ocrx_word' id='word_1_72' title='bbox 275 1191 375 1248; x_wconf 84' lang='grc' dir='ltr'><strong><em>τοῦτο</em></strong></span> <span class='ocrx_word' id='word_1_73' title='bbox 399 1179 437 1247; x_wconf 73' lang='lat' dir='ltr'><strong>dl</strong></span> <span class='ocrx_word' id='word_1_74' title='bbox 459 1177 502 1265; x_wconf 82' lang='grc' dir='ltr'><strong>ἦν</strong></span> <span class='ocrx_word' id='word_1_75' title='bbox 524 1192 582 1266; x_wconf 79' lang='grc' dir='ltr'><strong><em>τῆς</em></strong></span> <span class='ocrx_word' id='word_1_76' title='bbox 605 1183 714 1248; x_wconf 85' lang='grc' dir='ltr'><strong><em>αὐτῶν</em></strong></span> <span class='ocrx_word' id='word_1_77' title='bbox 737 1189 885 1267; x_wconf 81' lang='grc' dir='ltr'><strong><em>κηρωτῆς</em></strong></span> <span class='ocrx_word' id='word_1_78' title='bbox 907 1181 927 1264; x_wconf 77' lang='grc' dir='ltr'><strong>τ)</strong></span> <span class='ocrx_word' id='word_1_79' title='bbox 950 1181 1150 1264; x_wconf 86' lang='grc' dir='ltr'><strong><em>πάναλκης</em></strong></span> <span class='ocrx_word' id='word_1_80' title='bbox 1173 1177 1461 1267; x_wconf 51' lang='grc' dir='ltr'><strong><em>ἔμπλαστροςῖ),</em></strong></span> 
     </span>
    </p>

    <p class='ocr_par' dir='ltr' id='par_1_3' title="bbox 248 1275 1629 3026">
     <span class='ocr_line' id='line_1_10' title="bbox 364 1275 1586 1364; baseline 0.001 -21"><span class='ocrx_word' id='word_1_81' title='bbox 364 1279 594 1346; x_wconf 88' lang='lat' dir='ltr'><strong>Adnotandum</strong></span> <span class='ocrx_word' id='word_1_82' title='bbox 618 1284 667 1344; x_wconf 88' lang='lat' dir='ltr'><strong>est</strong></span> <span class='ocrx_word' id='word_1_83' title='bbox 687 1281 721 1344; x_wconf 92' lang='lat' dir='ltr'><strong>in</strong></span> <span class='ocrx_word' id='word_1_84' title='bbox 739 1279 846 1345; x_wconf 89' lang='lat' dir='ltr'><strong>codice</strong></span> <span class='ocrx_word' id='word_1_85' title='bbox 865 1278 901 1343; x_wconf 93' lang='lat' dir='ltr'>M</span> <span class='ocrx_word' id='word_1_86' title='bbox 924 1278 1052 1364; x_wconf 83' lang='lat' dir='ltr'><strong>singula</strong></span> <span class='ocrx_word' id='word_1_87' title='bbox 1069 1275 1140 1342; x_wconf 90' lang='lat' dir='ltr'><strong>cola</strong></span> <span class='ocrx_word' id='word_1_88' title='bbox 1158 1279 1416 1361; x_wconf 80' lang='lat' dir='ltr'><strong>interpunctione</strong></span> <span class='ocrx_word' id='word_1_89' title='bbox 1434 1279 1586 1344; x_wconf 86' lang='lat' dir='ltr'><strong>distincta</strong></span> 
     </span>
     <span class='ocr_line' id='line_1_11' title="bbox 277 1374 1584 1462; baseline -0.002 -20"><span class='ocrx_word' id='word_1_90' title='bbox 277 1400 354 1460; x_wconf 88' lang='lat' dir='ltr'><strong>esse,</strong></span> <span class='ocrx_word' id='word_1_91' title='bbox 377 1378 410 1442; x_wconf 93' lang='lat' dir='ltr'><strong>id</strong></span> <span class='ocrx_word' id='word_1_92' title='bbox 434 1379 519 1462; x_wconf 93' lang='lat' dir='ltr'><strong>quod</strong></span> <span class='ocrx_word' id='word_1_93' title='bbox 543 1379 582 1443; x_wconf 91' lang='lat' dir='ltr'><strong>iis</strong></span> <span class='ocrx_word' id='word_1_94' title='bbox 606 1379 745 1442; x_wconf 84' lang='lat' dir='ltr'><strong>maxime</strong></span> <span class='ocrx_word' id='word_1_95' title='bbox 762 1377 841 1440; x_wconf 92' lang='lat' dir='ltr'><strong>locis</strong></span> <span class='ocrx_word' id='word_1_96' title='bbox 865 1375 949 1440; x_wconf 90' lang='lat' dir='ltr'><strong>clare</strong></span> <span class='ocrx_word' id='word_1_97' title='bbox 967 1374 1080 1458; x_wconf 89' lang='lat' dir='ltr'><strong>elucet,</strong></span> <span class='ocrx_word' id='word_1_98' title='bbox 1103 1375 1159 1439; x_wconf 90' lang='lat' dir='ltr'><strong>ubi</strong></span> <span class='ocrx_word' id='word_1_99' title='bbox 1189 1374 1366 1439; x_wconf 80' lang='lat' dir='ltr'><strong>dictionum</strong></span> <span class='ocrx_word' id='word_1_100' title='bbox 1389 1377 1584 1441; x_wconf 86' lang='lat' dir='ltr'><strong>constructio</strong></span> 
     </span>
     <span class='ocr_line' id='line_1_12' title="bbox 279 1471 1585 1560; baseline -0.001 -20"><span class='ocrx_word' id='word_1_101' title='bbox 279 1475 401 1540; x_wconf 89' lang='lat' dir='ltr'><strong>nullam</strong></span> <span class='ocrx_word' id='word_1_102' title='bbox 433 1476 725 1560; x_wconf 83' lang='lat' dir='ltr'><strong>interpunctionem</strong></span> <span class='ocrx_word' id='word_1_103' title='bbox 756 1474 923 1538; x_wconf 89' lang='lat' dir='ltr'><strong>desiderat.</strong></span> <span class='ocrx_word' id='word_1_104' title='bbox 974 1471 1220 1557; x_wconf 81' lang='lat' dir='ltr'><strong>Interpungitur</strong></span> <span class='ocrx_word' id='word_1_105' title='bbox 1253 1494 1300 1536; x_wconf 84' lang='lat' dir='ltr'><strong>ex.</strong></span> <span class='ocrx_word' id='word_1_106' title='bbox 1329 1494 1375 1558; x_wconf 83' lang='lat' dir='ltr'><strong>gr.</strong></span> <span class='ocrx_word' id='word_1_107' title='bbox 1403 1477 1478 1556; x_wconf 88' lang='lat' dir='ltr'><strong>post</strong></span> <span class='ocrx_word' id='word_1_108' title='bbox 1509 1477 1585 1560; x_wconf 85' lang='grc' dir='ltr'><strong><em>θρί-</em></strong></span> 
     </span>
     <span class='ocr_line' id='line_1_13' title="bbox 278 1567 1585 1660; baseline -0.002 -22"><span class='ocrx_word' id='word_1_109' title='bbox 278 1576 384 1658; x_wconf 80' lang='grc' dir='ltr'><strong><em>αμβον</em></strong></span> <span class='ocrx_word' id='word_1_110' title='bbox 407 1570 475 1659; x_wconf 93' lang='grc'><strong>(12,</strong></span> <span class='ocrx_word' id='word_1_111' title='bbox 490 1572 547 1660; x_wconf 87' lang='grc'><strong>23)</strong></span> <span class='ocrx_word' id='word_1_112' title='bbox 572 1571 751 1657; x_wconf 83' lang='grc' dir='ltr'><strong><em>συγχέομαι</em></strong></span> <span class='ocrx_word' id='word_1_113' title='bbox 771 1568 837 1657; x_wconf 83' lang='grc'><strong>(13,</strong></span> <span class='ocrx_word' id='word_1_114' title='bbox 853 1570 887 1658; x_wconf 86' lang='grc'><strong>8)</strong></span> <span class='ocrx_word' id='word_1_115' title='bbox 919 1569 1069 1654; x_wconf 80' lang='grc' dir='ltr'><strong><em>ἐκέκτητο</em></strong></span> <span class='ocrx_word' id='word_1_116' title='bbox 1089 1567 1156 1657; x_wconf 80' lang='grc'><strong>(15,</strong></span> <span class='ocrx_word' id='word_1_117' title='bbox 1170 1567 1207 1656; x_wconf 91' lang='grc'><strong>2)</strong></span> <span class='ocrx_word' id='word_1_118' title='bbox 1236 1571 1449 1655; x_wconf 74' lang='grc' dir='ltr'><strong><em>διατρησεσιν</em></strong></span> <span class='ocrx_word' id='word_1_119' title='bbox 1467 1569 1534 1657; x_wconf 83' lang='grc'><strong>(19,</strong></span> <span class='ocrx_word' id='word_1_120' title='bbox 1549 1571 1585 1659; x_wconf 88' lang='grc'><strong>9)</strong></span> 
     </span>
     <span class='ocr_line' id='line_1_14' title="bbox 276 1665 1585 1758; baseline -0.003 -22"><span class='ocrx_word' id='word_1_121' title='bbox 276 1675 471 1747; x_wconf 81' lang='grc' dir='ltr'><strong><em>παλαίοντες</em></strong></span> <span class='ocrx_word' id='word_1_122' title='bbox 491 1669 557 1758; x_wconf 89' lang='grc'><strong>(20,</strong></span> <span class='ocrx_word' id='word_1_123' title='bbox 572 1670 606 1758; x_wconf 90' lang='grc'><strong>8)</strong></span> <span class='ocrx_word' id='word_1_124' title='bbox 645 1674 781 1756; x_wconf 87' lang='grc' dir='ltr'><strong><em>στόματι</em></strong></span> <span class='ocrx_word' id='word_1_125' title='bbox 797 1671 865 1753; x_wconf 88' lang='grc'><strong>(21,</strong></span> <span class='ocrx_word' id='word_1_126' title='bbox 880 1667 916 1754; x_wconf 86' lang='grc'><strong>9)</strong></span> <span class='ocrx_word' id='word_1_127' title='bbox 951 1669 1049 1751; x_wconf 80' lang='grc' dir='ltr'><strong><em>άνιου</em></strong></span> <span class='ocrx_word' id='word_1_128' title='bbox 1067 1665 1135 1753; x_wconf 88' lang='grc'><strong>(22,</strong></span> <span class='ocrx_word' id='word_1_129' title='bbox 1149 1665 1186 1755; x_wconf 86' lang='grc'><strong>3)</strong></span> <span class='ocrx_word' id='word_1_130' title='bbox 1219 1666 1418 1746; x_wconf 73' lang='grc' dir='ltr'><strong><em>διαπαίξασα</em></strong></span> <span class='ocrx_word' id='word_1_131' title='bbox 1441 1669 1507 1755; x_wconf 86' lang='grc'><strong>(22,</strong></span> <span class='ocrx_word' id='word_1_132' title='bbox 1529 1667 1585 1756; x_wconf 92' lang='grc'><strong>12)</strong></span> 
     </span>
     <span class='ocr_line' id='line_1_15' title="bbox 276 1761 1587 1856; baseline -0.002 -23"><span class='ocrx_word' id='word_1_133' title='bbox 276 1770 490 1853; x_wconf 78' lang='grc' dir='ltr'><strong><em>μειδιάματος</em></strong></span> <span class='ocrx_word' id='word_1_134' title='bbox 514 1767 654 1856; x_wconf 91' lang='grc'><strong>(22,16)</strong></span> <span class='ocrx_word' id='word_1_135' title='bbox 683 1771 863 1852; x_wconf 84' lang='grc' dir='ltr'><strong><em>λεγόμενον</em></strong></span> <span class='ocrx_word' id='word_1_136' title='bbox 888 1765 954 1854; x_wconf 86' lang='grc'><strong>(24,</strong></span> <span class='ocrx_word' id='word_1_137' title='bbox 969 1764 1005 1852; x_wconf 84' lang='grc'><strong>5)</strong></span> <span class='ocrx_word' id='word_1_138' title='bbox 1033 1763 1247 1851; x_wconf 75' lang='grc' dir='ltr'><strong><em>ἐπιρρέουσιν</em></strong></span> <span class='ocrx_word' id='word_1_139' title='bbox 1266 1761 1333 1851; x_wconf 80' lang='grc'><strong>(26,</strong></span> <span class='ocrx_word' id='word_1_140' title='bbox 1348 1764 1383 1853; x_wconf 84' lang='grc'><strong>3)</strong></span> <span class='ocrx_word' id='word_1_141' title='bbox 1412 1765 1587 1851; x_wconf 75' lang='grc' dir='ltr'><strong><em>πράγματα</em></strong></span> 
     </span>
     <span class='ocr_line' id='line_1_16' title="bbox 279 1860 1585 1952; baseline 0 -23"><span class='ocrx_word' id='word_1_142' title='bbox 279 1863 419 1952; x_wconf 85' lang='grc'><strong>(25,10)</strong></span> <span class='ocrx_word' id='word_1_143' title='bbox 450 1870 650 1951; x_wconf 81' lang='grc' dir='ltr'><strong><em>προείπομεν</em></strong></span> <span class='ocrx_word' id='word_1_144' title='bbox 670 1862 808 1952; x_wconf 92' lang='grc'><strong>(26,11)</strong></span> <span class='ocrx_word' id='word_1_145' title='bbox 841 1864 998 1948; x_wconf 83' lang='grc' dir='ltr'><strong><em>ἁγιότητα</em></strong></span> <span class='ocrx_word' id='word_1_146' title='bbox 1021 1861 1087 1949; x_wconf 82' lang='grc'><strong>(27,</strong></span> <span class='ocrx_word' id='word_1_147' title='bbox 1106 1860 1151 1949; x_wconf 83' lang='lat'><strong>5).</strong></span> <span class='ocrx_word' id='word_1_148' title='bbox 1197 1861 1267 1939; x_wconf 82' lang='lat' dir='ltr'><strong>Qua</strong></span> <span class='ocrx_word' id='word_1_149' title='bbox 1295 1863 1333 1926; x_wconf 89' lang='lat' dir='ltr'><strong>de</strong></span> <span class='ocrx_word' id='word_1_150' title='bbox 1360 1885 1395 1927; x_wconf 91' lang='lat' dir='ltr'><strong>re</strong></span> <span class='ocrx_word' id='word_1_151' title='bbox 1425 1864 1585 1947; x_wconf 90' lang='lat' dir='ltr'><strong>quomodo</strong></span> 
     </span>
     <span class='ocr_line' id='line_1_17' title="bbox 280 1959 1586 2047; baseline -0.002 -21"><span class='ocrx_word' id='word_1_152' title='bbox 280 1963 486 2028; x_wconf 90' lang='lat' dir='ltr'><strong>iudicandum</strong></span> <span class='ocrx_word' id='word_1_153' title='bbox 517 1964 560 2027; x_wconf 89' lang='lat' dir='ltr'><strong>sit</strong></span> <span class='ocrx_word' id='word_1_154' title='bbox 586 1967 623 2027; x_wconf 95' lang='lat' dir='ltr'><strong>ut</strong></span> <span class='ocrx_word' id='word_1_155' title='bbox 650 1962 765 2027; x_wconf 88' lang='lat' dir='ltr'><strong>melius</strong></span> <span class='ocrx_word' id='word_1_156' title='bbox 795 1961 1014 2047; x_wconf 80' lang='lat' dir='ltr'><strong>intellegatur,</strong></span> <span class='ocrx_word' id='word_1_157' title='bbox 1048 1964 1145 2044; x_wconf 87' lang='lat' dir='ltr'><strong>caput</strong></span> <span class='ocrx_word' id='word_1_158' title='bbox 1178 1961 1228 2043; x_wconf 83' lang='lat'><strong>19,</strong></span> <span class='ocrx_word' id='word_1_159' title='bbox 1243 1959 1338 2044; x_wconf 85' lang='lat' dir='ltr'><strong>9sqq.</strong></span> <span class='ocrx_word' id='word_1_160' title='bbox 1373 1962 1487 2026; x_wconf 89' lang='lat' dir='ltr'><strong>ceteris</strong></span> <span class='ocrx_word' id='word_1_161' title='bbox 1518 1984 1586 2026; x_wconf 91' lang='lat' dir='ltr'><strong>cor-</strong></span> 
     </span>
     <span class='ocr_line' id='line_1_18' title="bbox 279 2057 1584 2145; baseline 0 -21"><span class='ocrx_word' id='word_1_162' title='bbox 279 2061 375 2126; x_wconf 89' lang='lat' dir='ltr'><strong>rectis</strong></span> <span class='ocrx_word' id='word_1_163' title='bbox 406 2081 479 2124; x_wconf 91' lang='lat' dir='ltr'><strong>eum</strong></span> <span class='ocrx_word' id='word_1_164' title='bbox 509 2059 627 2125; x_wconf 92' lang='lat' dir='ltr'><strong>codicis</strong></span> <span class='ocrx_word' id='word_1_165' title='bbox 650 2060 685 2124; x_wconf 92' lang='lat' dir='ltr'>M</span> <span class='ocrx_word' id='word_1_166' title='bbox 716 2061 973 2144; x_wconf 88' lang='lat' dir='ltr'><strong>interpunctione</strong></span> <span class='ocrx_word' id='word_1_167' title='bbox 1003 2058 1057 2123; x_wconf 91' lang='lat' dir='ltr'><strong>hic</strong></span> <span class='ocrx_word' id='word_1_168' title='bbox 1086 2057 1245 2122; x_wconf 86' lang='lat' dir='ltr'><strong>describo:</strong></span> <span class='ocrx_word' id='word_1_169' title='bbox 1274 2062 1325 2134; x_wconf 84' lang='grc' dir='ltr'><strong><em>τίς</em></strong></span> <span class='ocrx_word' id='word_1_170' title='bbox 1358 2059 1584 2145; x_wconf 74' lang='grc' dir='ltr'><strong><em>διατρησεσιν·</em></strong></span> 
     </span>
     <span class='ocr_line' id='line_1_19' title="bbox 278 2153 1587 2243; baseline -0.002 -19"><span class='ocrx_word' id='word_1_171' title='bbox 278 2159 298 2242; x_wconf 78' lang='grc' dir='ltr'>ἢ</span> <span class='ocrx_word' id='word_1_172' title='bbox 325 2157 477 2242; x_wconf 76' lang='grc' dir='ltr'><strong><em>ἐξοχάσιν</em></strong></span> <span class='ocrx_word' id='word_1_173' title='bbox 500 2158 734 2243; x_wconf 84' lang='grc' dir='ltr'><strong><em>άθεραπεύτιος</em></strong></span> <span class='ocrx_word' id='word_1_174' title='bbox 755 2170 877 2241; x_wconf 83' lang='grc' dir='ltr'><strong><em>νοσῶν,</em></strong></span> <span class='ocrx_word' id='word_1_175' title='bbox 901 2157 921 2240; x_wconf 72' lang='lat' dir='ltr'><strong>d</strong></span> <span class='ocrx_word' id='word_1_176' title='bbox 944 2158 1175 2241; x_wconf 79' lang='grc' dir='ltr'><strong><em>ψυχιζύμενος·</em></strong></span> <span class='ocrx_word' id='word_1_177' title='bbox 1206 2153 1305 2240; x_wconf 67' lang='lat' dir='ltr'><strong>daal</strong></span> <span class='ocrx_word' id='word_1_178' title='bbox 1327 2156 1435 2232; x_wconf 85' lang='grc' dir='ltr'><strong><em>άλλως</em></strong></span> <span class='ocrx_word' id='word_1_179' title='bbox 1451 2158 1587 2241; x_wconf 87' lang='grc' dir='ltr'><strong><em>κάμνων</em></strong></span> 
     </span>
     <span class='ocr_line' id='line_1_20' title="bbox 282 2253 1629 2342; baseline 0 -23"><span class='ocrx_word' id='word_1_180' title='bbox 282 2257 319 2321; x_wconf 88' lang='grc' dir='ltr'><strong><em>τὸ</em></strong></span> <span class='ocrx_word' id='word_1_181' title='bbox 344 2267 437 2340; x_wconf 82' lang='grc' dir='ltr'><strong><em>σῶμα</em></strong></span> <span class='ocrx_word' id='word_1_182' title='bbox 459 2254 515 2320; x_wconf 82' lang='grc' dir='ltr'><strong>καὶ</strong></span> <span class='ocrx_word' id='word_1_183' title='bbox 538 2257 599 2340; x_wconf 83' lang='grc' dir='ltr'><strong><em>τὴν</em></strong></span> <span class='ocrx_word' id='word_1_184' title='bbox 621 2257 733 2340; x_wconf 79' lang='grc' dir='ltr'><strong><em>ψυχὴν</em></strong></span> <span class='ocrx_word' id='word_1_185' title='bbox 755 2258 998 2340; x_wconf 81' lang='grc' dir='ltr'><strong><em>χειμαζόμενος·</em></strong></span> <span class='ocrx_word' id='word_1_186' title='bbox 1022 2253 1043 2338; x_wconf 70' lang='grc' dir='ltr'><em>ἢ</em></span> <span class='ocrx_word' id='word_1_187' title='bbox 1070 2263 1223 2339; x_wconf 79' lang='grc' dir='ltr'><strong><em>πυρετοῖς</em></strong></span> <span class='ocrx_word' id='word_1_188' title='bbox 1245 2254 1448 2338; x_wconf 74' lang='grc' dir='ltr'><strong><em>περιοδικοίς</em></strong></span> <span class='ocrx_word' id='word_1_189' title='bbox 1475 2278 1509 2319; x_wconf 92' lang='grc' dir='ltr'><strong>τε</strong></span> <span class='ocrx_word' id='word_1_190' title='bbox 1531 2254 1586 2320; x_wconf 83' lang='grc' dir='ltr'><strong>καὶ</strong></span> <span class='ocrx_word' id='word_1_191' title='bbox 1626 2339 1629 2342; x_wconf 8' lang='grc' dir='ltr'><strong><em>ἢ</em></strong></span> 
     </span>
     <span class='ocr_line' id='line_1_21' title="bbox 281 2350 1585 2441; baseline 0 -23"><span class='ocrx_word' id='word_1_192' title='bbox 281 2355 423 2438; x_wconf 81' lang='grc' dir='ltr'><strong><em>φαύλοις</em></strong></span> <span class='ocrx_word' id='word_1_193' title='bbox 446 2356 742 2438; x_wconf 82' lang='grc' dir='ltr'><strong><em>καταφλεγύμενος,</em></strong></span> <span class='ocrx_word' id='word_1_194' title='bbox 765 2363 811 2440; x_wconf 80' lang='grc' dir='ltr'><strong><em>τῷ</em></strong></span> <span class='ocrx_word' id='word_1_195' title='bbox 833 2356 918 2441; x_wconf 77' lang='grc' dir='ltr'><strong><em>θείῳ</em></strong></span> <span class='ocrx_word' id='word_1_196' title='bbox 941 2353 1047 2439; x_wconf 78' lang='grc' dir='ltr'><strong><em>τούτῳ</em></strong></span> <span class='ocrx_word' id='word_1_197' title='bbox 1071 2350 1254 2433; x_wconf 79' lang='grc' dir='ltr'><strong><em>πλησιάσας</em></strong></span> <span class='ocrx_word' id='word_1_198' title='bbox 1281 2373 1352 2427; x_wconf 83' lang='grc' dir='ltr'><strong><em>πως</em></strong></span> <span class='ocrx_word' id='word_1_199' title='bbox 1380 2354 1522 2439; x_wconf 78' lang='grc' dir='ltr'><strong><em>ἰατρείῳ,</em></strong></span> <span class='ocrx_word' id='word_1_200' title='bbox 1545 2353 1585 2418; x_wconf 88' lang='grc' dir='ltr'><strong>οὐ</strong></span> 
     </span>
     <span class='ocr_line' id='line_1_22' title="bbox 248 2447 1587 2539; baseline 0 -24"><span class='ocrx_word' id='word_1_201' title='bbox 248 2497 251 2501; x_wconf 90' lang='grc'>-</span> <span class='ocrx_word' id='word_1_202' title='bbox 278 2453 388 2535; x_wconf 81' lang='grc' dir='ltr'><strong><em>ψυχὴν</em></strong></span> <span class='ocrx_word' id='word_1_203' title='bbox 416 2448 478 2534; x_wconf 72' lang='grc' dir='ltr'><strong>μὲν</strong></span> <span class='ocrx_word' id='word_1_204' title='bbox 505 2461 639 2539; x_wconf 81' lang='grc' dir='ltr'><strong><em>πρῶτον</em></strong></span> <span class='ocrx_word' id='word_1_205' title='bbox 670 2450 706 2516; x_wconf 80' lang='grc' dir='ltr'><strong>ἐκ</strong></span> <span class='ocrx_word' id='word_1_206' title='bbox 740 2459 798 2534; x_wconf 78' lang='grc' dir='ltr'><strong><em>τῆς</em></strong></span> <span class='ocrx_word' id='word_1_207' title='bbox 825 2453 940 2527; x_wconf 82' lang='grc' dir='ltr'><strong><em>κακίας</em></strong></span> <span class='ocrx_word' id='word_1_208' title='bbox 967 2449 1201 2534; x_wconf 84' lang='grc' dir='ltr'><strong><em>άνεκαθάρθη,</em></strong></span> <span class='ocrx_word' id='word_1_209' title='bbox 1229 2447 1283 2514; x_wconf 77' lang='grc' dir='ltr'><strong>καὶ</strong></span> <span class='ocrx_word' id='word_1_210' title='bbox 1311 2449 1398 2514; x_wconf 79' lang='grc' dir='ltr'><strong><em>οὕτω</em></strong></span> <span class='ocrx_word' id='word_1_211' title='bbox 1426 2451 1464 2514; x_wconf 93' lang='grc' dir='ltr'><strong><em>τὸ</em></strong></span> <span class='ocrx_word' id='word_1_212' title='bbox 1493 2461 1587 2534; x_wconf 83' lang='grc' dir='ltr'><strong><em>σῶμα</em></strong></span> 
     </span>
     <span class='ocr_line' id='line_1_23' title="bbox 280 2544 1586 2634; baseline 0 -22"><span class='ocrx_word' id='word_1_213' title='bbox 280 2554 402 2634; x_wconf 82' lang='grc' dir='ltr'><strong><em>πλῆρες</em></strong></span> <span class='ocrx_word' id='word_1_214' title='bbox 430 2547 606 2632; x_wconf 78' lang='grc' dir='ltr'><strong><em>ἀπέλαβεν·</em></strong></span> <span class='ocrx_word' id='word_1_215' title='bbox 637 2548 723 2614; x_wconf 80' lang='grc' dir='ltr'><strong><em>οὕτω</em></strong></span> <span class='ocrx_word' id='word_1_216' title='bbox 753 2549 816 2634; x_wconf 82' lang='grc' dir='ltr'><strong>γάρ</strong></span> <span class='ocrx_word' id='word_1_217' title='bbox 846 2544 937 2632; x_wconf 80' lang='grc' dir='ltr'><strong><em>οἶμαι</em></strong></span> <span class='ocrx_word' id='word_1_218' title='bbox 964 2546 1018 2612; x_wconf 86' lang='grc' dir='ltr'><strong>καλ</strong></span> <span class='ocrx_word' id='word_1_219' title='bbox 1048 2547 1212 2631; x_wconf 79' lang='grc' dir='ltr'><strong><em>ἰατρεύειν</em></strong></span> <span class='ocrx_word' id='word_1_220' title='bbox 1240 2549 1334 2612; x_wconf 83' lang='grc' dir='ltr'><strong><em>Θεόν.</em></strong></span> <span class='ocrx_word' id='word_1_221' title='bbox 1364 2557 1498 2634; x_wconf 83' lang='grc' dir='ltr'><strong><em>πρῶτον</em></strong></span> <span class='ocrx_word' id='word_1_222' title='bbox 1525 2544 1586 2632; x_wconf 68' lang='grc' dir='ltr'><strong>μὲν</strong></span> 
     </span>
     <span class='ocr_line' id='line_1_24' title="bbox 281 2643 1587 2731; baseline 0.001 -21"><span class='ocrx_word' id='word_1_223' title='bbox 281 2647 342 2730; x_wconf 83' lang='grc' dir='ltr'><strong><em>τὴν</em></strong></span> <span class='ocrx_word' id='word_1_224' title='bbox 369 2647 481 2731; x_wconf 78' lang='grc' dir='ltr'><strong><em>ψυχὴν</em></strong></span> <span class='ocrx_word' id='word_1_225' title='bbox 510 2648 626 2712; x_wconf 82' lang='grc' dir='ltr'><strong><em>ἰᾶσθαι</em></strong></span> <span class='ocrx_word' id='word_1_226' title='bbox 658 2655 719 2711; x_wconf 82' lang='grc' dir='ltr'><strong><em>τοῦ</em></strong></span> <span class='ocrx_word' id='word_1_227' title='bbox 755 2645 948 2730; x_wconf 80' lang='grc' dir='ltr'><strong><em>κάμνοντος.</em></strong></span> <span class='ocrx_word' id='word_1_228' title='bbox 977 2644 1019 2711; x_wconf 76' lang='grc' dir='ltr'><strong>δι’</strong></span> <span class='ocrx_word' id='word_1_229' title='bbox 1054 2645 1098 2728; x_wconf 77' lang='grc' dir='ltr'><strong>ἣν</strong></span> <span class='ocrx_word' id='word_1_230' title='bbox 1125 2646 1213 2722; x_wconf 86' lang='grc' dir='ltr'><strong><em>είκὸς</em></strong></span> <span class='ocrx_word' id='word_1_231' title='bbox 1238 2643 1293 2710; x_wconf 87' lang='grc' dir='ltr'><strong>καλ</strong></span> <span class='ocrx_word' id='word_1_232' title='bbox 1321 2647 1359 2710; x_wconf 90' lang='grc' dir='ltr'><strong><em>τὸ</em></strong></span> <span class='ocrx_word' id='word_1_233' title='bbox 1391 2657 1485 2730; x_wconf 85' lang='grc' dir='ltr'><strong><em>σῶμα</em></strong></span> <span class='ocrx_word' id='word_1_234' title='bbox 1511 2667 1587 2711; x_wconf 89' lang='grc' dir='ltr'><strong><em>παι-</em></strong></span> 
     </span>
     <span class='ocr_line' id='line_1_25' title="bbox 279 2739 1604 2830; baseline -0.001 -21"><span class='ocrx_word' id='word_1_235' title='bbox 279 2745 422 2809; x_wconf 76' lang='grc' dir='ltr'><strong><em>δεύεται·</em></strong></span> <span class='ocrx_word' id='word_1_236' title='bbox 450 2739 513 2809; x_wconf 86' lang='grc' dir='ltr'><strong><em>εἶθ’</em></strong></span> <span class='ocrx_word' id='word_1_237' title='bbox 550 2743 656 2820; x_wconf 79' lang='grc' dir='ltr'><strong><em>οὕτως</em></strong></span> <span class='ocrx_word' id='word_1_238' title='bbox 682 2741 736 2808; x_wconf 83' lang='grc' dir='ltr'><strong>καί</strong></span> <span class='ocrx_word' id='word_1_239' title='bbox 762 2744 868 2830; x_wconf 79' lang='grc' dir='ltr'><strong><em>τούτῳ</em></strong></span> <span class='ocrx_word' id='word_1_240' title='bbox 899 2743 960 2826; x_wconf 81' lang='grc' dir='ltr'><strong><em>τὴν</em></strong></span> <span class='ocrx_word' id='word_1_241' title='bbox 990 2741 1189 2829; x_wconf 84' lang='grc' dir='ltr'><strong><em>ὁλοκληρίαν</em></strong></span> <span class='ocrx_word' id='word_1_242' title='bbox 1215 2742 1431 2829; x_wconf 81' lang='grc' dir='ltr'><strong><em>παρέχεσθαι·</em></strong></span> <span class='ocrx_word' id='word_1_243' title='bbox 1459 2745 1516 2808; x_wconf 82' lang='grc' dir='ltr'><strong>ἵνα</strong></span> <span class='ocrx_word' id='word_1_244' title='bbox 1541 2746 1604 2827; x_wconf 58' lang='grc' dir='ltr'><strong>μὴ’</strong></span> 
     </span>
     <span class='ocr_line' id='line_1_26' title="bbox 281 2838 1585 2927; baseline -0.001 -21"><span class='ocrx_word' id='word_1_245' title='bbox 281 2843 379 2927; x_wconf 80' lang='grc' dir='ltr'><strong><em>σκάζη</em></strong></span> <span class='ocrx_word' id='word_1_246' title='bbox 399 2843 480 2906; x_wconf 83' lang='grc' dir='ltr'><strong><em>κατὰ</em></strong></span> <span class='ocrx_word' id='word_1_247' title='bbox 502 2838 606 2926; x_wconf 68' lang='grc' dir='ltr'><strong><em>μηδὲν</em></strong></span> <span class='ocrx_word' id='word_1_248' title='bbox 628 2841 649 2925; x_wconf 81' lang='grc' dir='ltr'>ἡ</span> <span class='ocrx_word' id='word_1_249' title='bbox 674 2839 934 2906; x_wconf 61' lang='lat' dir='ltr'><strong>taessalatis&amp;</strong></span> <span class='ocrx_word' id='word_1_250' title='bbox 957 2839 1059 2905; x_wconf 89' lang='grc' dir='ltr'><strong><em>πάλιν</em></strong></span> <span class='ocrx_word' id='word_1_251' title='bbox 1077 2840 1122 2916; x_wconf 86' lang='grc' dir='ltr'><strong>ὡς</strong></span> <span class='ocrx_word' id='word_1_252' title='bbox 1145 2839 1210 2905; x_wconf 88' lang='grc' dir='ltr'><strong><em>άπὸ</em></strong></span> <span class='ocrx_word' id='word_1_253' title='bbox 1238 2841 1372 2924; x_wconf 86' lang='grc' dir='ltr'><strong><em>φύσεως</em></strong></span> <span class='ocrx_word' id='word_1_254' title='bbox 1397 2840 1418 2926; x_wconf 78' lang='grc' dir='ltr'><em>ἢ</em></span> <span class='ocrx_word' id='word_1_255' title='bbox 1442 2840 1585 2906; x_wconf 81' lang='grc' dir='ltr'><strong><em>ἀναπλά-</em></strong></span> 
     </span>
     <span class='ocr_line' id='line_1_27' title="bbox 281 2937 1003 3026; baseline 0 -22"><span class='ocrx_word' id='word_1_256' title='bbox 281 2956 378 3016; x_wconf 86' lang='grc' dir='ltr'><strong><em>σειος·</em></strong></span> <span class='ocrx_word' id='word_1_257' title='bbox 402 2938 439 3004; x_wconf 81' lang='grc' dir='ltr'><strong>ἐν</strong></span> <span class='ocrx_word' id='word_1_258' title='bbox 461 2942 640 3023; x_wconf 89' lang='grc' dir='ltr'><strong><em>τελειότητι</em></strong></span> <span class='ocrx_word' id='word_1_259' title='bbox 663 2937 745 3026; x_wconf 87' lang='grc' dir='ltr'><strong><em>με’νη</em></strong></span> <span class='ocrx_word' id='word_1_260' title='bbox 769 2938 786 3004; x_wconf 86' lang='grc' dir='ltr'><strong>ὁ</strong></span> <span class='ocrx_word' id='word_1_261' title='bbox 811 2940 1003 3025; x_wconf 80' lang='grc' dir='ltr'><strong><em>ἄνθρωπος·</em></strong></span> 
     </span>
    </p>

    <p class='ocr_par' dir='ltr' id='par_1_4' title="bbox 281 3044 1587 4200">
     <span class='ocr_line' id='line_1_28' title="bbox 370 3044 1586 3130; baseline 0.001 -22"><span class='ocrx_word' id='word_1_262' title='bbox 370 3044 520 3110; x_wconf 75' lang='lat' dir='ltr'><strong>Clausala</strong></span> <span class='ocrx_word' id='word_1_263' title='bbox 543 3045 734 3130; x_wconf 87' lang='lat' dir='ltr'><strong>didactylica</strong></span> <span class='ocrx_word' id='word_1_264' title='bbox 763 3045 924 3109; x_wconf 90' lang='lat' dir='ltr'><strong>uberrime</strong></span> <span class='ocrx_word' id='word_1_265' title='bbox 952 3045 1097 3110; x_wconf 89' lang='lat' dir='ltr'><strong>adhibita</strong></span> <span class='ocrx_word' id='word_1_266' title='bbox 1119 3045 1181 3110; x_wconf 92' lang='lat' dir='ltr'><strong>hoc</strong></span> <span class='ocrx_word' id='word_1_267' title='bbox 1208 3045 1388 3110; x_wconf 85' lang='lat' dir='ltr'><strong>encomium</strong></span> <span class='ocrx_word' id='word_1_268' title='bbox 1412 3044 1586 3129; x_wconf 85' lang='lat' dir='ltr'><strong>Sophronii</strong></span> 
     </span>
     <span class='ocr_line' id='line_1_29' title="bbox 281 3143 1586 3227; baseline 0 -21"><span class='ocrx_word' id='word_1_269' title='bbox 281 3144 494 3226; x_wconf 84' lang='lat' dir='ltr'><strong>temporibus,</strong></span> <span class='ocrx_word' id='word_1_270' title='bbox 526 3143 556 3207; x_wconf 94' lang='lat' dir='ltr'><strong>h.</strong></span> <span class='ocrx_word' id='word_1_271' title='bbox 581 3166 607 3208; x_wconf 90' lang='lat' dir='ltr'><strong>e.</strong></span> <span class='ocrx_word' id='word_1_272' title='bbox 635 3143 763 3227; x_wconf 92' lang='lat' dir='ltr'><strong>septimi</strong></span> <span class='ocrx_word' id='word_1_273' title='bbox 796 3143 915 3208; x_wconf 91' lang='lat' dir='ltr'><strong>saeculi</strong></span> <span class='ocrx_word' id='word_1_274' title='bbox 947 3143 1055 3226; x_wconf 92' lang='lat' dir='ltr'><strong>initio,</strong></span> <span class='ocrx_word' id='word_1_275' title='bbox 1086 3143 1332 3207; x_wconf 88' lang='lat' dir='ltr'><strong>adscribendum</strong></span> <span class='ocrx_word' id='word_1_276' title='bbox 1366 3165 1435 3206; x_wconf 87' lang='lat' dir='ltr'><strong>esse</strong></span> <span class='ocrx_word' id='word_1_277' title='bbox 1462 3143 1586 3226; x_wconf 89' lang='lat' dir='ltr'><strong>probat.</strong></span> 
     </span>
     <span class='ocr_line' id='line_1_30' title="bbox 285 3239 1587 3327; baseline 0.001 -23"><span class='ocrx_word' id='word_1_278' title='bbox 285 3240 429 3316; x_wconf 85' lang='lat' dir='ltr'><strong>Quocum</strong></span> <span class='ocrx_word' id='word_1_279' title='bbox 467 3241 640 3305; x_wconf 90' lang='lat' dir='ltr'><strong>concinunt</strong></span> <span class='ocrx_word' id='word_1_280' title='bbox 677 3263 758 3324; x_wconf 89' lang='lat' dir='ltr'><strong>quae</strong></span> <span class='ocrx_word' id='word_1_281' title='bbox 796 3239 988 3325; x_wconf 79' lang='lat' dir='ltr'><strong>10,12sqq.</strong></span> <span class='ocrx_word' id='word_1_282' title='bbox 1027 3241 1192 3327; x_wconf 86' lang='lat' dir='ltr'><strong>leguntur,</strong></span> <span class='ocrx_word' id='word_1_283' title='bbox 1233 3241 1290 3304; x_wconf 93' lang='lat' dir='ltr'><strong>ubi</strong></span> <span class='ocrx_word' id='word_1_284' title='bbox 1328 3245 1441 3305; x_wconf 87' lang='lat' dir='ltr'><strong>auctor</strong></span> <span class='ocrx_word' id='word_1_285' title='bbox 1476 3241 1587 3306; x_wconf 89' lang='lat' dir='ltr'><strong>adorat</strong></span> 
     </span>
     <span class='ocr_line' id='line_1_31' title="bbox 281 3336 1587 3424; baseline 0.003 -24"><span class='ocrx_word' id='word_1_286' title='bbox 281 3342 467 3421; x_wconf 85' lang='lat' dir='ltr'><strong>martyrem:</strong></span> <span class='ocrx_word' id='word_1_287' title='bbox 497 3347 621 3422; x_wconf 79' lang='grc' dir='ltr'><strong><em>στῆσον</em></strong></span> <span class='ocrx_word' id='word_1_288' title='bbox 648 3340 708 3422; x_wconf 76' lang='grc' dir='ltr'><strong><em>τὴν</em></strong></span> <span class='ocrx_word' id='word_1_289' title='bbox 737 3337 813 3403; x_wconf 85' lang='grc' dir='ltr'><strong><em>καθ’</em></strong></span> <span class='ocrx_word' id='word_1_290' title='bbox 848 3338 943 3422; x_wconf 79' lang='grc' dir='ltr'><strong><em>ἡμῶν</em></strong></span> <span class='ocrx_word' id='word_1_291' title='bbox 970 3337 1110 3422; x_wconf 80' lang='grc' dir='ltr'><strong><em>ἀπειλὴν</em></strong></span> <span class='ocrx_word' id='word_1_292' title='bbox 1142 3348 1210 3402; x_wconf 85' lang='grc' dir='ltr'><strong><em>τῶν</em></strong></span> <span class='ocrx_word' id='word_1_293' title='bbox 1241 3336 1421 3421; x_wconf 81' lang='grc' dir='ltr'><strong><em>βαρβάρων</em></strong></span> <span class='ocrx_word' id='word_1_294' title='bbox 1447 3340 1587 3424; x_wconf 85' lang='grc' dir='ltr'><strong><em>θραύων</em></strong></span> 
     </span>
     <span class='ocr_line' id='line_1_32' title="bbox 282 3432 1587 3521; baseline 0.002 -22"><span class='ocrx_word' id='word_1_295' title='bbox 282 3437 322 3500; x_wconf 84' lang='grc' dir='ltr'><strong><em>τά</em></strong></span> <span class='ocrx_word' id='word_1_296' title='bbox 355 3436 530 3521; x_wconf 79' lang='grc' dir='ltr'><strong><em>φράγματα</em></strong></span> <span class='ocrx_word' id='word_1_297' title='bbox 563 3487 570 3500; x_wconf 86' lang='grc'><strong>.</strong></span> <span class='ocrx_word' id='word_1_298' title='bbox 605 3487 611 3500; x_wconf 91' lang='grc'><strong>.</strong></span> <span class='ocrx_word' id='word_1_299' title='bbox 645 3488 652 3500; x_wconf 95' lang='grc'><strong>.</strong></span> <span class='ocrx_word' id='word_1_300' title='bbox 685 3486 692 3500; x_wconf 92' lang='grc'><strong>.</strong></span> <span class='ocrx_word' id='word_1_301' title='bbox 725 3437 871 3520; x_wconf 81' lang='grc' dir='ltr'><strong><em>άλμησον</em></strong></span> <span class='ocrx_word' id='word_1_302' title='bbox 912 3434 966 3500; x_wconf 86' lang='grc' dir='ltr'><strong>καλ</strong></span> <span class='ocrx_word' id='word_1_303' title='bbox 1007 3444 1072 3501; x_wconf 85' lang='grc' dir='ltr'><strong>νῦν</strong></span> <span class='ocrx_word' id='word_1_304' title='bbox 1112 3432 1200 3521; x_wconf 60' lang='grc' dir='ltr'><strong><em>ὑπὲρ,</em></strong></span> <span class='ocrx_word' id='word_1_305' title='bbox 1236 3446 1438 3521; x_wconf 79' lang='grc' dir='ltr'><strong><em>χριστιανῶν</em></strong></span> <span class='ocrx_word' id='word_1_306' title='bbox 1478 3443 1587 3502; x_wconf 82' lang='grc' dir='ltr'><strong><em>ταλαι·</em></strong></span> 
     </span>
     <span class='ocr_line' id='line_1_33' title="bbox 282 3529 1587 3617; baseline 0.002 -21"><span class='ocrx_word' id='word_1_307' title='bbox 282 3531 508 3617; x_wconf 83' lang='grc' dir='ltr'><strong><em>πωρονμέυωυ</em></strong></span> <span class='ocrx_word' id='word_1_308' title='bbox 547 3535 715 3598; x_wconf 80' lang='grc' dir='ltr'><strong><em>κυκλόθεν</em></strong></span> <span class='ocrx_word' id='word_1_309' title='bbox 754 3543 824 3609; x_wconf 81' lang='grc' dir='ltr'><strong><em>τοῖς</em></strong></span> <span class='ocrx_word' id='word_1_310' title='bbox 863 3535 995 3616; x_wconf 79' lang='grc' dir='ltr'><strong><em>ἔθνεσι,</em></strong></span> <span class='ocrx_word' id='word_1_311' title='bbox 1031 3538 1158 3617; x_wconf 83' lang='grc' dir='ltr'><strong><em>μᾶλλον</em></strong></span> <span class='ocrx_word' id='word_1_312' title='bbox 1195 3529 1232 3597; x_wconf 75' lang='grc' dir='ltr'><strong>δὲ</strong></span> <span class='ocrx_word' id='word_1_313' title='bbox 1275 3533 1497 3617; x_wconf 90' lang='grc' dir='ltr'><strong><em>συμπάθησον</em></strong></span> <span class='ocrx_word' id='word_1_314' title='bbox 1531 3533 1587 3600; x_wconf 85' lang='grc' dir='ltr'><strong>καλ</strong></span> 
     </span>
     <span class='ocr_line' id='line_1_34' title="bbox 282 3629 1587 3716; baseline 0.001 -21"><span class='ocrx_word' id='word_1_315' title='bbox 282 3631 421 3706; x_wconf 85' lang='grc' dir='ltr'><strong><em>σώσειας</em></strong></span> <span class='ocrx_word' id='word_1_316' title='bbox 443 3633 543 3696; x_wconf 87' lang='grc' dir='ltr'><strong><em>πόλιν</em></strong></span> <span class='ocrx_word' id='word_1_317' title='bbox 566 3633 613 3707; x_wconf 89' lang='grc' dir='ltr'><strong><em>είς</em></strong></span> <span class='ocrx_word' id='word_1_318' title='bbox 630 3631 673 3714; x_wconf 77' lang='grc' dir='ltr'><strong>ἣν</strong></span> <span class='ocrx_word' id='word_1_319' title='bbox 692 3630 907 3715; x_wconf 61' lang='lat' dir='ltr'><strong>instabamus:</strong></span> <span class='ocrx_word' id='word_1_320' title='bbox 925 3631 964 3695; x_wconf 86' lang='lat' dir='ltr'><strong>cf.</strong></span> <span class='ocrx_word' id='word_1_321' title='bbox 984 3632 1170 3716; x_wconf 78' lang='grc' dir='ltr'><strong>28,12εηη.</strong></span> <span class='ocrx_word' id='word_1_322' title='bbox 1207 3629 1302 3695; x_wconf 83' lang='lat' dir='ltr'><strong>Anno</strong></span> <span class='ocrx_word' id='word_1_323' title='bbox 1322 3631 1387 3695; x_wconf 91' lang='grc'><strong>626</strong></span> <span class='ocrx_word' id='word_1_324' title='bbox 1407 3629 1587 3696; x_wconf 77' lang='lat' dir='ltr'><strong>Constanti-</strong></span> 
     </span>
     <span class='ocr_line' id='line_1_35' title="bbox 282 3724 1587 3814; baseline 0.003 -24"><span class='ocrx_word' id='word_1_325' title='bbox 282 3726 410 3810; x_wconf 91' lang='lat' dir='ltr'><strong>nopolis</strong></span> <span class='ocrx_word' id='word_1_326' title='bbox 434 3730 519 3791; x_wconf 89' lang='lat' dir='ltr'><strong>terra</strong></span> <span class='ocrx_word' id='word_1_327' title='bbox 541 3727 684 3809; x_wconf 88' lang='lat' dir='ltr'><strong>marique</strong></span> <span class='ocrx_word' id='word_1_328' title='bbox 708 3727 748 3791; x_wconf 91' lang='lat' dir='ltr'><strong>ab</strong></span> <span class='ocrx_word' id='word_1_329' title='bbox 767 3724 928 3792; x_wconf 85' lang='lat' dir='ltr'><strong>Avaribus</strong></span> <span class='ocrx_word' id='word_1_330' title='bbox 947 3733 979 3792; x_wconf 94' lang='lat' dir='ltr'><strong>et</strong></span> <span class='ocrx_word' id='word_1_331' title='bbox 998 3728 1120 3794; x_wconf 84' lang='lat' dir='ltr'><strong>Sclavis</strong></span> <span class='ocrx_word' id='word_1_332' title='bbox 1140 3729 1396 3814; x_wconf 83' lang='lat' dir='ltr'><strong>oppugnabatur,</strong></span> <span class='ocrx_word' id='word_1_333' title='bbox 1419 3730 1495 3793; x_wconf 91' lang='lat' dir='ltr'><strong>dum</strong></span> <span class='ocrx_word' id='word_1_334' title='bbox 1513 3730 1587 3794; x_wconf 90' lang='lat' dir='ltr'><strong>Per-</strong></span> 
     </span>
     <span class='ocr_line' id='line_1_36' title="bbox 283 3823 1587 3913; baseline 0.002 -26"><span class='ocrx_word' id='word_1_335' title='bbox 283 3847 390 3888; x_wconf 86' lang='lat' dir='ltr'><strong>sarum</strong></span> <span class='ocrx_word' id='word_1_336' title='bbox 421 3847 478 3888; x_wconf 85' lang='lat' dir='ltr'><strong>rex</strong></span> <span class='ocrx_word' id='word_1_337' title='bbox 508 3826 548 3889; x_wconf 88' lang='lat' dir='ltr'><strong>ad</strong></span> <span class='ocrx_word' id='word_1_338' title='bbox 580 3823 812 3890; x_wconf 79' lang='lat' dir='ltr'><strong>Chalcedonam</strong></span> <span class='ocrx_word' id='word_1_339' title='bbox 843 3830 892 3889; x_wconf 91' lang='lat' dir='ltr'><strong>est</strong></span> <span class='ocrx_word' id='word_1_340' title='bbox 921 3826 955 3889; x_wconf 91' lang='lat' dir='ltr'><strong>in</strong></span> <span class='ocrx_word' id='word_1_341' title='bbox 984 3826 1080 3890; x_wconf 89' lang='lat' dir='ltr'><strong>litore</strong></span> <span class='ocrx_word' id='word_1_342' title='bbox 1110 3825 1254 3891; x_wconf 83' lang='lat' dir='ltr'><strong>Asiatico</strong></span> <span class='ocrx_word' id='word_1_343' title='bbox 1285 3825 1338 3913; x_wconf 88' lang='lat' dir='ltr'><strong>(cf.</strong></span> <span class='ocrx_word' id='word_1_344' title='bbox 1364 3826 1476 3892; x_wconf 78' lang='lat' dir='ltr'><strong>Gelzer</strong></span> <span class='ocrx_word' id='word_1_345' title='bbox 1502 3828 1587 3911; x_wconf 91' lang='lat' dir='ltr'><strong>apud</strong></span> 
     </span>
     <span class='ocr_line' id='line_1_37' title="bbox 282 3919 1586 4010; baseline 0.002 -26"><span class='ocrx_word' id='word_1_346' title='bbox 282 3921 560 3985; x_wconf 88' lang='lat' dir='ltr'><strong>Krumbaoherum</strong></span> <span class='ocrx_word' id='word_1_347' title='bbox 587 3922 663 4006; x_wconf 76' lang='lat' dir='ltr'><strong>Byr.</strong></span> <span class='ocrx_word' id='word_1_348' title='bbox 691 3919 911 3990; x_wconf 75' lang='lat' dir='ltr'><strong>Litt.-ees0h.²</strong></span> <span class='ocrx_word' id='word_1_349' title='bbox 937 3947 967 4007; x_wconf 90' lang='lat' dir='ltr'><strong>p.</strong></span> <span class='ocrx_word' id='word_1_350' title='bbox 987 3922 1080 4010; x_wconf 84' lang='lat'>949);</span> <span class='ocrx_word' id='word_1_351' title='bbox 1113 3947 1176 4006; x_wconf 91' lang='lat' dir='ltr'><strong>qua</strong></span> <span class='ocrx_word' id='word_1_352' title='bbox 1207 3946 1280 3988; x_wconf 91' lang='lat' dir='ltr'><strong>cum</strong></span> <span class='ocrx_word' id='word_1_353' title='bbox 1307 3947 1341 3988; x_wconf 92' lang='lat' dir='ltr'><strong>re</strong></span> <span class='ocrx_word' id='word_1_354' title='bbox 1369 3923 1423 3987; x_wconf 89' lang='lat' dir='ltr'><strong>ille</strong></span> <span class='ocrx_word' id='word_1_355' title='bbox 1451 3925 1586 3988; x_wconf 89' lang='lat' dir='ltr'><strong>encomii</strong></span> 
     </span>
     <span class='ocr_line' id='line_1_38' title="bbox 281 4018 1587 4107; baseline 0.002 -25"><span class='ocrx_word' id='word_1_356' title='bbox 281 4018 371 4082; x_wconf 91' lang='lat' dir='ltr'><strong>locus</strong></span> <span class='ocrx_word' id='word_1_357' title='bbox 396 4019 517 4102; x_wconf 90' lang='lat' dir='ltr'><strong>optime</strong></span> <span class='ocrx_word' id='word_1_358' title='bbox 540 4020 697 4106; x_wconf 83' lang='lat' dir='ltr'><strong>congruit.</strong></span> <span class='ocrx_word' id='word_1_359' title='bbox 744 4019 864 4085; x_wconf 79' lang='lat' dir='ltr'><strong>Censeo</strong></span> <span class='ocrx_word' id='word_1_360' title='bbox 888 4021 989 4107; x_wconf 83' lang='lat' dir='ltr'><strong>igitur</strong></span> <span class='ocrx_word' id='word_1_361' title='bbox 1011 4021 1075 4104; x_wconf 89' lang='lat' dir='ltr'><strong>ipsi</strong></span> <span class='ocrx_word' id='word_1_362' title='bbox 1098 4043 1182 4086; x_wconf 89' lang='lat' dir='ltr'><strong>anno</strong></span> <span class='ocrx_word' id='word_1_363' title='bbox 1206 4021 1271 4084; x_wconf 91' lang='grc'><strong>626</strong></span> <span class='ocrx_word' id='word_1_364' title='bbox 1295 4023 1476 4086; x_wconf 91' lang='lat' dir='ltr'><strong>encomium</strong></span> <span class='ocrx_word' id='word_1_365' title='bbox 1498 4023 1587 4086; x_wconf 88' lang='lat' dir='ltr'><strong>attri-</strong></span> 
     </span>
     <span class='ocr_line' id='line_1_39' title="bbox 283 4115 464 4200; baseline 0.011 -22"><span class='ocrx_word' id='word_1_366' title='bbox 283 4115 339 4180; x_wconf 91' lang='lat' dir='ltr'><strong>bui</strong></span> <span class='ocrx_word' id='word_1_367' title='bbox 362 4137 464 4200; x_wconf 89' lang='lat' dir='ltr'><strong>posse.</strong></span> 
     </span>
    </p>
   </div>
   <div class='ocr_carea' id='block_1_3' title="bbox 372 4377 1584 4453">
    <p class='ocr_par' dir='ltr' id='par_1_5' title="bbox 372 4377 1584 4453">
     <span class='ocr_line' id='line_1_40' title="bbox 372 4377 1584 4453; baseline 0.003 -21"><span class='ocrx_word' id='word_1_368' title='bbox 372 4381 397 4450; x_wconf 90' lang='lat'><strong>1)</strong></span> <span class='ocrx_word' id='word_1_369' title='bbox 415 4388 471 4437; x_wconf 83' lang='grc' dir='ltr'><strong><em>,τῶν</em></strong></span> <span class='ocrx_word' id='word_1_370' title='bbox 489 4377 628 4449; x_wconf 80' lang='grc' dir='ltr'><strong><em>ἡμετέρων</em></strong></span> <span class='ocrx_word' id='word_1_371' title='bbox 646 4390 744 4451; x_wconf 82' lang='grc' dir='ltr'><strong><em>ψυχῶν</em></strong></span> <span class='ocrx_word' id='word_1_372' title='bbox 763 4380 797 4434; x_wconf 83' lang='grc' dir='ltr'><strong><em>τά</em></strong></span> <span class='ocrx_word' id='word_1_373' title='bbox 815 4379 968 4451; x_wconf 86' lang='grc' dir='ltr'><strong><em>καθάρσια,</em></strong></span> <span class='ocrx_word' id='word_1_374' title='bbox 984 4384 988 4453; x_wconf 91' lang='grc' dir='ltr'>Ι</span> <span class='ocrx_word' id='word_1_375' title='bbox 1004 4390 1059 4436; x_wconf 83' lang='grc' dir='ltr'><strong><em>τῶν</em></strong></span> <span class='ocrx_word' id='word_1_376' title='bbox 1080 4381 1162 4450; x_wconf 81' lang='grc' dir='ltr'><strong><em>ἱερῶν</em></strong></span> <span class='ocrx_word' id='word_1_377' title='bbox 1185 4381 1362 4452; x_wconf 83' lang='grc' dir='ltr'><strong><em>χαρισμάτων</em></strong></span> <span class='ocrx_word' id='word_1_378' title='bbox 1385 4383 1400 4438; x_wconf 86' lang='grc' dir='ltr'><strong>ὁ</strong></span> <span class='ocrx_word' id='word_1_379' title='bbox 1424 4383 1584 4452; x_wconf 77' lang='grc' dir='ltr'><strong><em>θήσαυροςε</em></strong></span> 
     </span>
    </p>
   </div>
   <div class='ocr_carea' id='block_1_4' title="bbox 170 4458 690 4529">
    <p class='ocr_par' dir='ltr' id='par_1_6' title="bbox 170 4458 690 4529">
     <span class='ocr_line' id='line_1_41' title="bbox 170 4458 690 4529; baseline -0.006 -13"><span class='ocrx_word' id='word_1_380' title='bbox 170 4509 173 4516; x_wconf 95' lang='grc'>.</span> <span class='ocrx_word' id='word_1_381' title='bbox 281 4458 328 4513; x_wconf 92' lang='lat' dir='ltr'><strong>hic</strong></span> <span class='ocrx_word' id='word_1_382' title='bbox 345 4459 405 4514; x_wconf 90' lang='lat' dir='ltr'><strong>illic</strong></span> <span class='ocrx_word' id='word_1_383' title='bbox 424 4462 558 4528; x_wconf 87' lang='lat' dir='ltr'><strong>quattuor</strong></span> <span class='ocrx_word' id='word_1_384' title='bbox 577 4459 690 4529; x_wconf 84' lang='lat' dir='ltr'><strong>dactyli.</strong></span> 
     </span>
    </p>
   </div>
   <div class='ocr_carea' id='block_1_5' title="bbox 371 4539 1587 4611">
    <p class='ocr_par' dir='ltr' id='par_1_7' title="bbox 371 4539 1587 4611">
     <span class='ocr_line' id='line_1_42' title="bbox 371 4539 1587 4611; baseline 0.002 -19"><span class='ocrx_word' id='word_1_385' title='bbox 371 4539 397 4608; x_wconf 73' lang='lat'><strong>2)</strong></span> <span class='ocrx_word' id='word_1_386' title='bbox 416 4539 537 4610; x_wconf 85' lang='lat' dir='ltr'><strong>Relegat</strong></span> <span class='ocrx_word' id='word_1_387' title='bbox 558 4555 603 4593; x_wconf 93' lang='lat' dir='ltr'><strong>me</strong></span> <span class='ocrx_word' id='word_1_388' title='bbox 625 4540 831 4594; x_wconf 81' lang='lat' dir='ltr'><strong>Radermacher</strong></span> <span class='ocrx_word' id='word_1_389' title='bbox 854 4540 942 4594; x_wconf 88' lang='lat' dir='ltr'><strong>etiam</strong></span> <span class='ocrx_word' id='word_1_390' title='bbox 966 4542 1003 4595; x_wconf 92' lang='lat' dir='ltr'><strong>ad</strong></span> <span class='ocrx_word' id='word_1_391' title='bbox 1025 4541 1237 4595; x_wconf 80' lang='lat' dir='ltr'><strong>Testamentum</strong></span> <span class='ocrx_word' id='word_1_392' title='bbox 1262 4541 1387 4596; x_wconf 86' lang='lat' dir='ltr'><strong>Abraam</strong></span> <span class='ocrx_word' id='word_1_393' title='bbox 1410 4541 1506 4611; x_wconf 76' lang='lat' dir='ltr'><strong>(Texta</strong></span> <span class='ocrx_word' id='word_1_394' title='bbox 1530 4541 1587 4596; x_wconf 86' lang='lat' dir='ltr'><strong>and</strong></span> 
     </span>
    </p>
   </div>
   <div class='ocr_carea' id='block_1_6' title="bbox 283 4617 1586 4788">
    <p class='ocr_par' dir='ltr' id='par_1_8' title="bbox 283 4617 1586 4788">
     <span class='ocr_line' id='line_1_43' title="bbox 286 4617 1586 4691; baseline 0.002 -20"><span class='ocrx_word' id='word_1_395' title='bbox 286 4617 393 4673; x_wconf 88' lang='lat' dir='ltr'><strong>studies</strong></span> <span class='ocrx_word' id='word_1_396' title='bbox 413 4618 618 4674; x_wconf 81' lang='lat' dir='ltr'><strong>contributione</strong></span> <span class='ocrx_word' id='word_1_397' title='bbox 640 4622 671 4674; x_wconf 93' lang='lat' dir='ltr'><strong>to</strong></span> <span class='ocrx_word' id='word_1_398' title='bbox 689 4618 808 4674; x_wconf 88' lang='lat' dir='ltr'><strong>biblical</strong></span> <span class='ocrx_word' id='word_1_399' title='bbox 827 4619 883 4674; x_wconf 88' lang='lat' dir='ltr'><strong>and</strong></span> <span class='ocrx_word' id='word_1_400' title='bbox 902 4619 1030 4690; x_wconf 80' lang='lat' dir='ltr'><strong>patuistic</strong></span> <span class='ocrx_word' id='word_1_401' title='bbox 1053 4620 1199 4676; x_wconf 87' lang='lat' dir='ltr'><strong>literature</strong></span> <span class='ocrx_word' id='word_1_402' title='bbox 1218 4619 1314 4676; x_wconf 88' lang='lat' dir='ltr'><strong>edited</strong></span> <span class='ocrx_word' id='word_1_403' title='bbox 1337 4621 1376 4690; x_wconf 85' lang='lat' dir='ltr'><strong>by</strong></span> <span class='ocrx_word' id='word_1_404' title='bbox 1394 4621 1418 4676; x_wconf 84' lang='lat' dir='ltr'><strong>J.</strong></span> <span class='ocrx_word' id='word_1_405' title='bbox 1438 4620 1586 4691; x_wconf 84' lang='lat' dir='ltr'><strong>Armitage</strong></span> 
     </span>
     <span class='ocr_line' id='line_1_44' title="bbox 283 4698 1311 4788; baseline 0.005 -37"><span class='ocrx_word' id='word_1_406' title='bbox 283 4698 426 4752; x_wconf 89' lang='lat' dir='ltr'><strong>Robinson</strong></span> <span class='ocrx_word' id='word_1_407' title='bbox 445 4699 497 4754; x_wconf 90' lang='lat' dir='ltr'><strong>vol.</strong></span> <span class='ocrx_word' id='word_1_408' title='bbox 511 4700 537 4767; x_wconf 82' lang='lat' dir='ltr'><strong>II</strong></span> <span class='ocrx_word' id='word_1_409' title='bbox 555 4717 599 4786; x_wconf 85' lang='lat' dir='ltr'><strong>no.</strong></span> <span class='ocrx_word' id='word_1_410' title='bbox 616 4699 651 4769; x_wconf 82' lang='lat'><strong>2),</strong></span> <span class='ocrx_word' id='word_1_411' title='bbox 670 4698 720 4754; x_wconf 89' lang='lat' dir='ltr'><strong>ubi</strong></span> <span class='ocrx_word' id='word_1_412' title='bbox 738 4720 764 4771; x_wconf 92' lang='lat' dir='ltr'><strong>p.</strong></span> <span class='ocrx_word' id='word_1_413' title='bbox 781 4706 868 4769; x_wconf 76' lang='lat'><strong>90,23</strong></span> <span class='ocrx_word' id='word_1_414' title='bbox 887 4699 992 4788; x_wconf 79' lang='lat' dir='ltr'><strong>legitur</strong></span> <span class='ocrx_word' id='word_1_415' title='bbox 1010 4700 1180 4770; x_wconf 84' lang='grc' dir='ltr'><strong><em>θαύμαστος.</em></strong></span> <span class='ocrx_word' id='word_1_416' title='bbox 1282 4765 1284 4767; x_wconf 38' lang='grc'><strong>,</strong></span> <span class='ocrx_word' id='word_1_417' title='bbox 1308 4709 1311 4715; x_wconf 82' lang='grc'><em>’</em></span> 
     </span>
    </p>
   </div>
   <div class='ocr_carea' id='block_1_7' title="bbox 0 0 1786 5317">
    <p class='ocr_par' dir='ltr' id='par_1_9' title="bbox 0 0 1786 5317">
     <span class='ocr_line' id='line_1_45' title="bbox 0 0 1786 5317; baseline 0 0"><span class='ocrx_word' id='word_1_418' title='bbox 0 0 1786 5317; x_wconf 95' lang='lat' dir='ltr'><strong> </strong></span> 
     </span>
    </p>
   </div>
  </div>
 </body>
</html>
