3550 5317
384 1396 582 1491 Ἐγκώμιον
610 1407 660 1486 εἰς
687 1400 729 1470 τὰ
756 1403 926 1492 θαύματα
954 1413 1022 1471 τοῦ
1049 1401 1154 1493 ἀγίου
1183 1405 1437 1494 ίερομάρτυρος

804 1520 1038 1610 Θεράποντος.

241 1682 256 1735 l
313 1673 429 1753 Πολλή
443 1694 499 1754 μοι
513 1682 580 1736 τῶν
590 1674 699 1754 λόγων
711 1669 759 1756 [ή]
774 1674 970 1754 πανήγυρις,
1009 1672 1154 1735 ἀλλοθεν
1170 1672 1274 1736 ἀλλου
1291 1675 1574 1757 περιβομβοῦντος

269 1769 329 1852 τήν
352 1767 455 1852 ἀκοήν
479 1769 689 1853 διηγήμασιν,
770 1768 831 1833 οόκ
855 1767 1035 1851 ἀπατηλοῖς
1064 1770 1213 1855 ίστορική
1236 1773 1377 1856 κομψείηι
1403 1771 1462 1834 τὸν
1488 1779 1574 1836 νοῦν

268 1867 522 1952 παρασύρουσιν
587 1864 670 1947 [ἀλλ’
695 1864 809 1941 αὐτοῖς
823 1857 874 1942 οἷς
897 1867 1018 1930 παθὼν
1042 1865 1178 1943 ἕκαστος
1192 1865 1225 1944 ἐξ
1240 1864 1360 1931 ἑαυτοῦ
1383 1867 1444 1950 τήν
1461 1871 1574 1932 πίστιν

269 1974 337 2028 τῶν
351 1961 538 2047 λεγομένων
553 1965 619 2048 ἔχει
634 1963 769 2048 λαβών]Ι
790 1965 858 2027 ἔστι
880 1964 943 2048 γάρ
963 1962 1043 2048 ἡμῖν
1062 1964 1103 2029 οὐ
1121 1961 1196 2049 περὶ
1214 1964 1453 2048 νεκρωθέντων
1470 1987 1573 2049 πραγ-

247 2062 383 2146 5μάτων
405 2060 574 2140 ὑπόθεσις,
683 2053 731 2126 ὧν
754 2060 775 2144 ή
798 2064 981 2137 παλαίωσις
1004 2060 1158 2140 ἐξουσίαν
1180 2073 1250 2138 τοῖς
1274 2061 1467 2146 ἱστοροῦσιν
1490 2063 1574 2128 ἐνδί-

270 2159 353 2223 δωσι
420 2165 574 2236 πιθανῶς
596 2164 723 2244 μᾶλλον
745 2157 766 2242 ή
791 2155 926 2240 ἀληθῶς
944 2160 985 2223 τά
1007 2160 1072 2243 ήδη
1096 2157 1269 2245 φθαρέντα
1292 2158 1531 2245 προφέρεσθαι,

269 2265 327 2340 τῆς
350 2253 387 2322 δέ
410 2266 474 2322 νῦν
497 2258 577 2342 ἡμῖν
600 2256 783 2341 ἐξηγήσεως
838 2259 937 2334 ζῶσιν
960 2257 1005 2333 ὡς
1028 2255 1163 2340 ἀληθῶς
1185 2254 1241 2321 καὶ
1263 2253 1347 2343 ὑπὲρ
1371 2263 1531 2340 αίσθησιν

269 2362 443 2419 κινοῦνται
465 2356 506 2420 τά
528 2356 694 2439 θαύματα.
768 2354 952 2437 θαυμάτων
975 2356 1038 2439 γάρ
1062 2355 1082 2438 ἡ
1105 2363 1258 2439 παροῦσα
1281 2354 1452 2439 ὑπόθεσις,
1527 2348 1576 2420 ὧν

270 2451 380 2517 ἀπασα
403 2453 495 2536 φυλή
513 2476 547 2517 τε
570 2451 624 2518 καὶ
649 2457 792 2536 γλῶσσα,
810 2459 932 2537 μικροῦ
955 2449 1010 2515 καὶ
1033 2454 1074 2517 τά
1093 2449 1154 2536 ὑφ’
1181 2452 1278 2534 ήλιον
1301 2451 1409 2517 πάντα
1431 2454 1575 2539 πληροῦ-

236 2565 261 2604 10
271 2571 363 2634 μενα,
445 2549 486 2616 οὐ
509 2560 620 2636 χεῖρας
642 2553 749 2634 μόνον
771 2548 938 2634 ε’πικροτεῑ
964 2546 1020 2613 καὶ
1048 2551 1152 2633 στόμα
1179 2550 1262 2633 πρὸς
1285 2549 1393 2633 ὕμνον
1416 2549 1575 2634 ἀνακινεῖ,

271 2649 354 2716 ἀλλά
377 2646 432 2712 καὶ
451 2650 563 2731 λόγοις
580 2648 666 2733 ἡμᾶς
685 2647 866 2733 ἐγγράφειν
885 2644 1101 2731 προτρέπεται
1169 2644 1224 2711 καὶ
1243 2645 1386 2712 τουτωνὶ
1405 2659 1472 2712 τῶν
1490 2655 1575 2713 θαυ-

271 2747 383 2830 μάτων
406 2746 465 2810 τὸν
488 2751 596 2810 αίτιον
677 2743 887 2829 ἐγκωμιάζειν
913 2745 1118 2829 Θεράποντα,
1200 2744 1287 2820 ὅπως
1310 2743 1375 2828 μετ’
1406 2743 1577 2829 ἐγκωμίων

272 2842 323 2909 ἀεὶ
342 2845 381 2908 τά
404 2851 464 2907 τοῦ
488 2843 620 2907 δικαίου
643 2846 774 2926 τελῆται
798 2844 1004 2926 μνημόσυνα.
1085 2839 1149 2924 ἐγὼ
1174 2838 1210 2906 δέ
1232 2845 1340 2907 καίτοι
1362 2851 1408 2930 τῷ
1433 2842 1576 2927 ἐμαυτοῦ

272 2942 440 3007 συνειδότι
468 2942 681 3024 βαλλόμενος,
772 2941 816 3017 ὡς
843 2939 906 3005 οὐκ
934 2937 1061 3024 ἀρκέσω
1090 2938 1275 3032 διεξελθεῖν
1301 2940 1360 3004 τὸν
1387 2942 1490 3023 ὄγκον
1516 2951 1576 3005 τοῦ

238 3069 262 3109 ιε
274 3039 514 3123 ἐγχειρήματος,
602 3038 658 3102 ἀτε
680 3039 861 3121 πενόμενος
942 3038 1046 3120 λόγου
1068 3035 1123 3101 καὶ
1146 3035 1304 3120 πράξεως,
1385 3037 1473 3122 ὅμως
1494 3038 1577 3122 ὑφη-

273 3137 390 3211 νιάσας
413 3135 556 3220 ἐμαυτὸν
578 3145 648 3210 τοῖς
669 3138 894 3218 προπίπτουσι
918 3133 1057 3217 δέδωκα,
1130 3142 1176 3222 τῷ
1198 3138 1281 3221 θείφ
1304 3134 1447 3220 μάρτυρι
1469 3137 1576 3223 τούτῳ

273 3230 501 3319 τεθαρρηκός,
533 3234 683 3308 δυνατῶς
717 3234 825 3315 ἔχοντι
866 3233 976 3316 ὥσπερ
1017 3241 1088 3308 τοῖς
1117 3233 1304 3316 θαύμασιν,
1411 3231 1497 3297 οὕτω
1536 3234 1576 3316 δή

273 3328 416 3406 καὶτοῖς
435 3332 547 3412 λόγοις
568 3330 630 3412 τήν
652 3328 813 3414 εὐπορίαν
835 3331 1047 3414 χαρίσασθαι.
1121 3328 1198 3414 οὐχ
1226 3329 1311 3411 ήττω
1341 3331 1404 3414 γάρ
1432 3338 1489 3413 τῆς
1516 3339 1577 3395 τοῦ

274 3424 531 3513 εόφημουμένου
554 3428 659 3491 δεῖται
683 3426 855 3511 δυνάμεως
944 3425 963 3491 δ
990 3424 1059 3490 κατ’
1087 3424 1184 3504 ἀξίαν
1208 3425 1337 3491 ἐκείνου
1359 3425 1489 3492 πλέκων
1516 3428 1575 3492 τὸν

239 3529 419 3590 εοέπαινον.

249 3633 267 3688 2
366 3625 397 3688 εί
418 3618 480 3707 μέν
502 3618 565 3689 οὖν
588 3619 701 3708 ἑώρων
724 3621 818 3698 τινδις
840 3630 880 3706 τῇ
904 3621 1064 3708 ἐπιστήμη
1087 3632 1154 3687 τῶν
1177 3621 1302 3700 ἔξωθεν
1324 3625 1510 3708 χαίροντας,

274 3720 318 3804 ήν
340 3720 460 3786 ἐκεῖνοι
483 3730 553 3797 τοῖς
576 3719 749 3804 ἐγκωμίοις
773 3717 989 3803 ἐπιτιθέασιν,
1062 3715 1153 3803 εἶχον
1176 3721 1218 3784 ἀν
1240 3717 1295 3784 καὶ
1317 3721 1476 3804 πατρίδος
1499 3724 1578 3804 λαμ-

277 3981 366 4061 Βίος
401 3980 438 4046 ἐν
476 3975 642 4069 συντόμῳ
679 3978 738 4046 καὶ
773 3977 895 4070 μερική
930 3979 1127 4066 θαυμάτων
1163 3979 1328 4069 διήγησις
1367 3986 1435 4044 τοῦ
1474 3975 1579 4066 ἀγίου

335 4091 393 4160 καὶ
420 4084 571 4172 ἐνδόξου
599 4095 853 4184 ἱερομάρτυρος
884 4094 1110 4183 (θεράποντος
1138 4089 1338 4160 ἐπισκόπου
1367 4091 1529 4181 Κύπρου.

757 4204 956 4299 εῦλόγησον
984 4209 1100 4298 πάτερ.

183 4390 269 4436 περ
362 4357 397 4423 Ὁ
424 4359 517 4442 ἅγιος
545 4352 642 4435 οὗτος
673 4358 728 4424 καὶ
759 4358 895 4438 ἔνδοξος
927 4360 1121 4445 ίερόμαρτυς
1153 4369 1213 4425 τοῦ
1243 4364 1389 4446 Χριστοῦ
1419 4359 1581 4445 Θεράπων

280 4459 455 4533 ἐπίσκοπος
484 4455 622 4540 γε’γονεν
652 4455 688 4522 ἐν
718 4458 859 4543 Κύπρῳ,
889 4457 1025 4542 ἀρχαῖος
1063 4455 1147 4543 ἀνήρ
1176 4455 1231 4522 καὶ
1260 4458 1454 4542 θαυμαστὸς
1482 4458 1581 4522 πάνυ.

372 4691 425 4754 1,1
445 4682 541 4741 πολλοί
558 4685 584 4740 Α
599 4687 604 4756 λ
622 4692 654 4740 13
673 4687 790 4740 τελεῖται
807 4684 833 4739 Α
