3550 5317
271 335 314 398 64
845 332 937 402 Caput
954 333 1000 387 IV.

269 499 354 561 suit
378 500 533 562 trausacto
556 501 658 560 ouum
681 500 811 576 ieuurore
833 495 952 559 modice
973 496 1071 559 uooiis
1093 494 1281 560 obdormivit.
1305 497 1360 577 qui
1382 517 1451 561 curu
1473 496 1575 561 uesoco

272 595 349 675 quid
365 615 424 676 per
446 595 547 658 uisuru
564 592 699 675 periculi
721 597 860 670 oeruerei,
878 613 996 673 pauore
1018 594 1199 658 conterritus
1220 594 1257 658 iu
1274 593 1332 658 boc
1349 615 1418 659 oooe
1430 596 1574 676 pomum

270 711 303 755 os
326 691 497 756 obseratum
519 691 656 773 operuit:
680 689 801 754 ‘domuc
823 689 979 769 Martiae,
1003 691 1099 755 libero
1125 689 1203 756 ucel'
1230 696 1259 755 ei
1285 693 1330 756 sio
1351 712 1513 774 uumpeus
1534 692 1575 757 ob

271 810 322 853 ore
345 793 373 853 ei
392 789 536 871 faucibus
559 789 625 852 eius
646 788 775 870 suupuis
797 789 940 852 oudiiuu
960 789 1080 870 puriter
1102 789 1312 871 eloquiumque
1333 791 1470 872 recepit.“
1515 788 1575 854 In-

274 887 376 950 vitus
409 887 510 971 igitur
542 885 737 950 obdormivit
769 889 928 969 aegrotus.
979 883 1123 961 Quocum
1155 907 1221 950 non
1252 892 1389 971 pugnat,
1421 887 1508 971 quod
1540 888 1575 951 in

273 984 386 1048 eodem
410 1004 499 1048 sacro
524 1005 547 1048 s.
570 982 703 1046 Martini
732 981 969 1046 incubationem
997 983 1149 1047 usitatam
1177 982 1276 1047 fuisse
1303 1005 1321 1046 e
1349 984 1473 1048 duobus
1501 984 1573 1048 aliis

272 1081 434 1145 miraculis
454 1104 473 1145 a
491 1078 645 1166 Gregorio
665 1079 775 1143 relatis
799 1101 897 1164 supra
920 1077 963 1165 (p.
979 1077 1088 1166 59sq.)
1108 1079 1336 1144 conclusimus:
1361 1082 1472 1146 eodem
1495 1085 1574 1146 tem-

272 1201 350 1264 pore
382 1183 554 1263 utrumque
582 1177 810 1241 miraculorum
843 1198 944 1262 genus
975 1176 1089 1240 florere
1121 1178 1237 1260 potuit
1284 1176 1338 1242 Sic
1365 1179 1462 1242 etiam
1489 1178 1574 1263 apud

271 1276 426 1361 Eligium,
449 1276 488 1339 de
512 1297 575 1360 quo
598 1298 629 1358 p.
648 1274 691 1338 59
715 1275 848 1360 egimus,
872 1275 906 1338 in
923 1274 1045 1359 vigiliis
1062 1274 1209 1339 homines
1227 1276 1428 1359 curabantur,
1447 1276 1486 1340 cl.
1505 1276 1573 1340 eiua

272 1372 488 1438 vitam1179
512 1373 622 1458 Migne
645 1378 667 1437 t.
688 1373 729 1436 87
754 1396 783 1456 p.
802 1371 919 1436 591B:
946 1373 1098 1455 „quotidie
1123 1373 1259 1454 audique
1285 1375 1372 1456 omri
1398 1375 1526 1439 oeuuuut
1545 1380 1576 1438 oi

269 1472 315 1535 ibi
342 1472 564 1536 eucubouies
586 1475 766 1536 souuutur“.
790 1469 829 1534 cf.
848 1470 889 1535 ib.
909 1468 942 1533 ΙΙ
962 1471 1003 1534 72
1021 1493 1052 1554 p.
1070 1469 1136 1534 588
1146 1469 1184 1533 A.
1223 1470 1390 1536 Somnium
1410 1476 1442 1535 et
1461 1473 1573 1558 vigilia

271 1569 506 1652 quodammodo
539 1569 779 1654 coniunguntur
810 1568 895 1652 apud
928 1564 1020 1653 Greg.
1048 1567 1122 1633 Tur.
1153 1568 1192 1632 de
1219 1570 1291 1633 virt.
1316 1592 1339 1634 s.
1362 1569 1456 1634 Mart.
1480 1569 1570 1634 1131

273 1689 303 1750 p.
323 1667 401 1750 620,
428 1667 485 1730 ubi
513 1667 551 1730 de
579 1667 712 1730 muliere
740 1666 846 1751 agitur
873 1666 1021 1730 manibus
1049 1687 1085 1729 ao
1116 1666 1251 1750 pedibus
1279 1671 1456 1753 contracta3
1483 1669 1572 1732 cuius

272 1764 369 1848 pedes
397 1767 430 1826 et
458 1765 559 1828 altera
585 1786 698 1828 manus
726 1787 745 1826 a
772 1767 882 1827 sancto
916 1763 1004 1826 domi
1040 1785 1099 1847 per
1130 1786 1278 1828 somnum
1310 1766 1379 1830 riso
1413 1770 1573 1848 curantur,

274 1861 374 1925 altera
396 1883 471 1925 vero
490 1884 548 1946 per
565 1861 710 1947 vigiliam
730 1862 764 1925 in
781 1861 914 1925 basilica
931 1862 1009 1944 ipsa,
1033 1882 1096 1944 quo
1117 1863 1241 1926 somnio
1261 1863 1425 1928 admonita
1448 1886 1481 1928 se
1500 1885 1573 1928 con-

272 1959 358 2023 tulit.
405 1957 485 2022 Cum
511 1959 549 2022 de
576 1958 697 2044 vigiliis
726 1980 871 2044 agamus,
898 1980 964 2022 non
986 1960 1256 2042 praetermiserim
1280 1982 1303 2024 s.
1327 1961 1414 2025 Fidis
1438 1983 1574 2026 comme

271 2078 396 2120 morare
419 2056 573 2121 miracula
597 2055 734 2120 Conchis
758 2057 792 2120 in
812 2057 1007 2121 monasterio
1026 2057 1095 2122 eius
1113 2056 1242 2144 facta31)
1265 2058 1320 2122 hic
1342 2080 1469 2143 quoque
1492 2060 1574 2144 vigi-

271 2153 366 2218 lando
400 2155 570 2219 sanitatem
604 2155 767 2239 accipiunt
799 2155 927 2219 infirmi.
976 2153 1059 2219 Vide
1090 2178 1150 2238 pro
1187 2156 1298 2220 multis
1331 2157 1440 2221 miae
1467 2179 1497 2239 p.
1517 2157 1573 2220 36:

271 2253 402 2331 „mulier
420 2254 573 2333 quodum
590 2254 688 2317 oiduu
705 2254 786 2318 iuter
804 2257 935 2317 coeteros
949 2254 1135 2335 perepriuos,
1158 2255 1213 2336 qui
1235 2257 1271 2319 de
1289 2256 1417 2320 diuersis
1431 2255 1574 2336 portum

271 2372 304 2415 eo
323 2351 543 2431 coufluuoroui,
558 2372 617 2432 pro
635 2350 836 2433 salutatione
854 2371 960 2415 mcccc
977 2350 1090 2415 uidua
1104 2352 1309 2434 peruootobot
1328 2354 1378 2416 oui
1399 2353 1486 2434 {ilaue
1507 2372 1573 2415 uuo

271 2469 340 2512 euru
362 2453 461 2512 matre
483 2449 627 2530 cipu‘louti
645 2448 747 2512 lumeu
765 2452 846 2530 quod
866 2450 1015 2513 omuuoi
1031 2450 1068 2512 iu
1079 2450 1191 2530 primu
1207 2450 1317 2532 cipitia
1334 2451 1432 2514 uootis
1449 2455 1573 2514 caucum

270 2545 364 2609 Fidis
386 2547 498 2610 cirtulo
520 2551 684 2627 reparabo
707 2547 926 2626 iuteperuirue.“
963 2544 1089 2609 Similia
1108 2550 1140 2609 et
1159 2547 1193 2611 in
1210 2545 1301 2609 Fidei
1324 2547 1410 2611 etin
1433 2547 1571 2611 aliorum

271 2637 454 2706 sanctorum
478 2641 639 2705 miraculis
663 2642 783 2724 ubique
807 2643 944 2707 inveniri
966 2647 1102 2725 possunt
1120 2665 1223 2727 neque
1247 2644 1397 2708 idoneum
1421 2646 1571 2710 existimo

271 2741 433 2806 cumulare
458 2741 611 2824 exempla.
658 2737 785 2803 Acriter
808 2740 909 2824 igitur
931 2762 995 2803 uno
1019 2761 1147 2824 quoque
1172 2740 1243 2805 loco
1267 2743 1492 2826 inquirendum
1516 2746 1573 2823 est,

271 2843 380 2903 utrum
418 2838 586 2903 statuenda
622 2839 665 2902 sit
706 2837 868 2902 incubatio
909 2858 1017 2901 necne.
1073 2835 1180 2903 Sensit
1215 2838 1439 2904 difficultatem
1477 2841 1572 2904 istam

271 2935 454 3021 Marignan,
478 2938 591 3020 quiin
618 2935 728 3000 libello
756 2958 814 2999 suo
843 2935 901 2998 ‘La
928 2934 1090 3000 midecine
1118 2937 1195 3000 dans
1223 2936 1344 3023 l'iglise
1372 2960 1413 3001 au
1440 2938 1573 3002 sixieme

199 3057 201 3062 ·
273 3033 380 3097 siecle'
403 3035 557 3118 inscripto
580 3057 611 3116 p.
632 3033 683 3117 13,
701 3033 723 3096 4
745 3033 824 3096 haec
848 3032 938 3096 dicit:
962 3033 1130 3115 „Gripoire
1151 3036 1188 3098 de
1207 3035 1307 3100 Teura
1329 3041 1358 3100 ei
1374 3037 1417 3100 les
1438 3037 1501 3100 mea
1522 3037 1574 3100 des

274 3132 374 3194 cuiuis
397 3131 657 3213 oouiouuporoirus
679 3151 718 3194 ue
739 3131 929 3212 distiuoueui
945 3151 1007 3213 pos
1026 3132 1072 3195 los
1092 3152 1200 3214 scupos
1228 3154 1286 3213 que
1308 3133 1335 3197 lc
1356 3134 1482 3198 melodo
1499 3137 1575 3216 peut
1664 3201 1668 3204 ,

271 3229 367 3312 oooir,
395 3228 501 3292 eccilli
524 3249 564 3293 ou
593 3227 738 3292 oudourui.
790 3227 822 3290 ll
848 3248 900 3291 ue.
915 3229 981 3308 soii
1008 3249 1127 3293 ououuo
1153 3232 1289 3294 meuiiou
1310 3233 1512 3312 puriiudiire
1538 3232 1575 3295 ue

166 3347 168 3350 ·
274 3344 349 3388 ceuu
370 3324 462 3406 qu'ou
485 3347 506 3389 o
522 3326 665 3406 peudoui
686 3325 719 3388 lo
741 3325 813 3389 uuit
832 3329 862 3389 ei
883 3326 920 3389 de
942 3346 1016 3390 oeuu
1037 3327 1093 3409 qui
1115 3328 1254 3392 orrioeui
1279 3349 1346 3392 oers
1373 3330 1400 3393 le
1422 3330 1523 3394 motu
1545 3333 1574 3392 et

271 3422 334 3506 qui,
357 3423 438 3487 dous
456 3423 636 3503 l'ouiiquite',
659 3423 772 3486 otoieut
789 3424 959 3489 oousideie‘s
976 3444 1090 3490 cornuue
1108 3425 1243 3508 louiours
1265 3427 1378 3491 oruuf‘
1414 3426 1486 3490 Hoc
1505 3427 1574 3510 qui-

273 3519 345 3583 dem
369 3519 473 3583 dicere
496 3541 589 3603 posse
612 3520 706 3584 nobis
728 3520 875 3584 videmur
898 3522 995 3586 etiam
1024 3523 1058 3587 in
1080 3523 1201 3608 vigiliis
1225 3523 1303 3607 illis,
1326 3546 1399 3588 cum
1422 3546 1479 3608 per
1501 3545 1575 3588 noc-

274 3620 340 3681 tem
364 3622 547 3681 sanctorum
571 3618 605 3682 in
628 3616 757 3701 templis
780 3623 960 3683 versaretur
978 3619 1226 3685 christianorum
1245 3620 1429 3703 multitudo,
1452 3621 1573 3684 similes

272 3715 378 3779 valere
401 3716 613 3801 cogitationes
641 3719 737 3799 atque
765 3715 799 3779 in
826 3716 1031 3780 incubatione
1058 3718 1198 3799 antiqua.
1244 3716 1325 3780 Cum
1351 3738 1427 3780 vcro
1457 3737 1572 3797 corpus

273 3815 397 3899 aegroti
419 3815 540 3900 vigiliis
568 3815 762 3879 concitatum
790 3834 903 3877 somno
931 3813 1116 3895 capiebatur
1143 3817 1176 3876 et
1204 3813 1305 3877 sancti
1332 3812 1439 3896 imago
1463 3811 1573 3874 saluti-

272 3911 340 3975 fera
363 3913 547 3997 apparebat,
569 3936 604 3977 re
627 3913 699 3997 ipsa
720 3911 845 3976 nullum
868 3911 1021 3974 intererat
1045 3910 1228 3995 discrimen3
1250 3932 1324 3974 nam
1342 3908 1474 3994 vigiliae
1497 3908 1572 3972 illae

272 4009 407 4072 eundem
431 4010 625 4075 exhibebant
649 4011 805 4095 effectum,
829 4031 924 4093 quem
948 4009 1004 4093 qui
1023 4008 1207 4074 iudeorum
1227 4005 1420 4072 Graecorum
1442 4006 1573 4091 templis

273 4106 467 4171 incubabant
490 4108 585 4171 certis
608 4108 724 4173 ritibus
748 4129 932 4191 comparare
955 4108 1134 4171 studebant.

361 4203 421 4268 His
445 4205 630 4288 praemissis
653 4227 726 4269 cum
750 4206 789 4270 ad
813 4206 961 4291 graviora
985 4206 1168 4290 trahamur,
1190 4206 1295 4289 primo
1318 4204 1389 4268 loco
1412 4203 1506 4266 nobis
1530 4203 1576 4266 di-

272 4301 408 4366 cendum
431 4305 480 4367 est
503 4302 542 4366 de
564 4302 721 4367 Michaele
744 4303 945 4389 archangelo.

362 4499 388 4567 1)
407 4515 429 4551 v.
450 4495 534 4550 Liber
550 4495 749 4550 miraculorum
768 4499 864 4551 sancte
882 4495 960 4550 Fidis
979 4497 1076 4566 publii
1094 4513 1146 4567 par
1164 4497 1197 4550 A.
1216 4495 1341 4551 Bouillet
1357 4495 1437 4549 Paris
1458 4499 1532 4548 1897.
