3550 5317
281 293 324 356 84
860 292 952 360 Caput
969 291 1015 348 IV.

284 457 316 520 οί
339 455 502 541 μάρτυρες
533 505 539 519 .
572 507 578 519 .
610 507 616 519 .
647 456 727 540 μετά
755 454 861 539 πάσης
889 453 1114 537 ἀπελογοῦντο
1144 457 1363 538 πραότητος
1392 454 1445 539 42,
1459 453 1546 521 3585
1558 453 1590 519 C.

279 552 555 636 μειδιάσαντες
595 552 647 637 46,
669 549 805 616 35974.
849 553 949 628 δότας
979 553 1141 638 ίλαροὺς
1170 555 1249 628 τούς
1278 550 1395 634 ἁγίους
1421 554 1591 638 θεώμενος

284 648 334 735 70,
349 648 499 734 366902.
1097 718 1099 722 ,

346 831 349 836 ¹
377 744 582 813 Offeruntse
605 753 762 832 martyres
785 747 851 812 fere
874 748 1105 812 monachorum
1129 746 1256 832 habitu,
1278 769 1307 812 v.
1329 746 1380 832 10,
1394 747 1481 811 3449
1491 746 1527 812 Β.
1551 747 1590 812 of.

281 843 332 928 13,
347 843 483 930 34640;
512 844 720 930 38,35651);
756 843 809 930 52,
824 845 966 930 3617Ι);
1000 844 1051 932 70,
1066 843 1202 910 36694.
1253 844 1375 910 Tamen
1406 867 1487 928 quae
1518 845 1589 910 mir.

282 942 332 1027 14,
348 940 478 1008 346811
506 943 673 1030 leguntur:
700 947 858 1026 martyres
888 943 1075 1027 apparuisse
1102 953 1173 1019 ταῖς
1201 944 1338 1018 οἰκείαις
1364 953 1508 1030 μορφαῖς
1534 940 1589 1007 καλ

277 1039 317 1103 ού
345 1038 453 1118 ξέναις
475 1043 687 1128 χρησάμενοι,
709 1063 953 1124 nonnumquam
977 1061 1031 1104 eos
1060 1041 1119 1105 sub
1144 1041 1248 1126 speeie
1276 1041 1379 1105 aliena
1408 1041 1495 1106 visos
1523 1063 1590 1105 ease

280 1136 510 1203 demonstrant.
547 1137 661 1224 Itaque
683 1139 833 1204 videntur
855 1138 893 1204 ἐν
916 1141 1055 1224 σχήματι
1083 1139 1321 1225 Χριστοδάιρου
1344 1147 1404 1203 τοῦ
1422 1140 1484 1222 τήν
1507 1139 1590 1204 διοί-

282 1252 380 1319 κησιν
403 1238 537 1320 ἐχοντος
560 1237 612 1322 32,
627 1235 713 1302 3528
726 1235 758 1302 C.
782 1239 947 1320 σχήμασιν
972 1238 1094 1322 ἰατρῶν
1117 1235 1170 1322 33,
1184 1234 1271 1301 3533
1281 1235 1320 1299 D.
1346 1235 1383 1301 ἐν
1401 1235 1589 1302 Ἰουλιανοῦ

281 1342 343 1397 τοῦ
367 1334 526 1400 διακόνου
549 1335 614 1422 θέα
636 1333 691 1400 καὶ
715 1338 854 1420 σχήματι
878 1334 931 1417 36,
946 1332 1032 1399 3553
1043 1331 1082 1398 Α.
1106 1333 1145 1397 of.
1164 1333 1206 1398 ib.
1226 1331 1311 1397 3557
1323 1333 1359 1399 Β.
1387 1334 1423 1399 ἐν
1446 1338 1588 1420 πρεσβυ-

276 1429 381 1518 τέρων
400 1483 407 1496 .
427 1483 434 1496 .
454 1483 461 1496 .
480 1442 625 1520 μορφαῖς
648 1457 682 1498 τε
705 1430 760 1498 καλ
784 1434 948 1517 σχήμασιν
972 1431 1024 1515 37,
1039 1429 1123 1496 3561
1138 1430 1172 1495 O.
1196 1430 1232 1497 ἐν
1255 1433 1415 1517 ἀρχοντος
1438 1434 1587 1498 εῖδει...

276 1537 337 1592 τοῦ
359 1529 420 1612 τήν
440 1533 564 1595 Νικίου
587 1533 686 1595 πόλιν
706 1528 802 1618 (quae
821 1534 889 1594 orat
908 1529 1012 1613 patria
1031 1526 1169 1616 aegroti)
1188 1530 1368 1606 ίθύνουτος
1386 1529 1438 1613 38,
1453 1527 1586 1595 35694.
1637 1566 1647 1589 ι

276 1629 390 1712 Κῦρος
418 1627 435 1692 ὁ
465 1628 592 1713 μάρτυς
620 1627 799 1714 ἐτύγχανεν
827 1627 845 1694 ὁ
874 1637 935 1693 τοῦ
963 1628 1086 1713 πατρὸς
1114 1625 1171 1714 (so.
1190 1625 1335 1714 Ioannis)
1364 1629 1426 1712 τήν
1453 1629 1587 1715 μορφήν

279 1775 285 1788 .
310 1775 316 1788 .
341 1775 347 1788 .
372 1723 572 1809 ἀνελόμενος
595 1777 602 1790 .
627 1777 633 1790 .
658 1723 841 1811 ,Ἰωάννης
871 1723 910 1790 δέ
933 1777 940 1790 .
965 1777 971 1790 .
1001 1775 1007 1790 .
1035 1725 1094 1791 τὸν
1118 1724 1336 1811 Ἀλεξανδρέα
1366 1723 1497 1809 Πέτρον
1527 1727 1586 1792 τὸν

279 1830 346 1886 τῶν
370 1826 582 1909 πραιτωρίων
601 1826 759 1903 είκόυιζεν
777 1826 924 1909 ἔπαρχον
944 1823 995 1909 70,
1009 1821 1141 1887 36680.
1184 1821 1391 1887 Christodoro
1410 1844 1585 1888 oeoonomo

277 1941 342 1982 una
365 1941 438 1984 oum
462 1921 581 1985 sanatis
609 1923 775 2007 anargyn's
804 1926 937 2005 apparet
966 1920 1154 1985 Theodorus
1184 1925 1319 2004 martyr:
1346 1919 1422 1986 καθ’
1457 1921 1586 1997 ὕπνους

279 2016 368 2104 αὐτῷ
394 2021 690 2104 παραγίνεται...
715 2019 798 2086 ἀλλὰ
821 2029 925 2085 ταῦτα
947 2016 1008 2103 μὲν
1030 2017 1109 2084 καθ’
1136 2018 1265 2095 ὕπνους
1288 2017 1474 2105 ἐπράττετο,
1496 2019 1585 2105 ὕπαρ

277 2109 313 2178 δὲ
335 2121 403 2180 κτλ.
432 2115 461 2199 8,
476 2115 561 2181 3441
574 2114 652 2181 AB.
698 2116 878 2182 Diaconum
903 2118 1062 2201 quendam
1085 2117 1173 2182 ridet
1194 2139 1252 2202 per
1275 2139 1424 2181 somnum
1447 2114 1583 2181 Ioannes

274 2210 488 2277 subdiaconus
512 2212 564 2300 37,
579 2212 667 2280 3564
676 2214 715 2280 D.

361 2308 523 2397 Aegrotas
534 2312 727 2396 compluries
745 2313 934 2380 admonetur
951 2336 969 2377 a
988 2313 1193 2398 martyribus,
1203 2335 1276 2378 oum
1286 2313 1411 2377 somnio
1426 2327 1487 2396 pro
1500 2336 1583 2397 φαν-

274 2412 371 2496 τασίηι
398 2409 510 2474 habito
538 2432 604 2474 non
632 2415 799 2476 exsecutus
828 2416 876 2476 est
900 2435 1011 2476 eorum
1034 2416 1215 2496 praecepta:
1243 2411 1430 2476 Theodorus
1454 2411 1583 2494 quidam

273 2515 318 2593 τῷ
342 2507 471 2572 τούτων
494 2516 582 2596 σηκῷ
605 2513 835 2575 κατακλίνεται
859 2561 865 2574 .
891 2561 898 2574 .
922 2562 929 2574 .
953 2512 986 2575 ot
1009 2507 1047 2575 δὲ
1071 2561 1077 2574 .
1102 2562 1109 2574 .
1133 2561 1139 2574 .
1167 2508 1363 2597 κοιμωμένῳ
1395 2561 1402 2574 .
1426 2561 1433 2573 .
1458 2560 1464 2573 .
1488 2512 1582 2595 παρί-

275 2621 410 2670 στανται
433 2604 487 2671 καὶ
511 2605 672 2689 φανέντες
695 2607 820 2672 ἀσπίδα
844 2618 964 2692 φαγεῖν
988 2606 1223 2693 ἐπιτρέπουσιν
1247 2659 1254 2672 .
1278 2659 1285 2672 .
1309 2659 1316 2672 .
1340 2607 1358 2673 ὁ
1383 2603 1420 2672 δέ
1443 2659 1450 2672 .
1471 2659 1477 2672 .
1497 2659 1504 2672 .
1524 2628 1582 2672 πο-

272 2705 379 2790 νηράν
403 2698 489 2768 εἶναι
509 2708 735 2788 φαντασίαν
758 2708 897 2790 νομίσας
915 2707 952 2770 τὸ
972 2705 1079 2791 ὕραμα
1099 2716 1166 2770 τῶν
1185 2703 1373 2790 λεχθέντων
1393 2702 1495 2771 οὐδὲν
1517 2707 1583 2770 διε-

271 2800 424 2886 πράξατο.
458 2803 637 2869 ίκετεύοντι
665 2799 703 2868 δὲ
730 2801 784 2868 καλ
812 2806 961 2870 κλαίοντι
991 2803 1113 2868 πάλιν
1141 2801 1178 2867 ἐν
1208 2802 1327 2878 ὕπνοις
1356 2801 1520 2889 ὀφθέντες
1549 2805 1585 2868 οί

273 2899 363 2982 ὕγιοι
392 2901 432 2964 τά
467 2899 550 2965 αὐτά
585 2912 694 2967 ποιεῖν
730 2901 984 2980 διετάξαντο..
1009 2953 1015 2966 .
1039 2901 1084 2978 ὡς
1111 2897 1148 2966 δὲ
1176 2899 1231 2966 καὶ
1259 2904 1395 2987 τρίτον
1422 2899 1582 2986 φανέντες

271 2998 304 3061 ot
326 2998 490 3083 μάρτυρες
512 3000 573 3082 τήν
606 2997 732 3065 ἑαυτῶν
759 3011 869 3066 ποιεῖν
899 3000 961 3065 οὐκ
991 3002 1127 3066 ἔπεισαν
1156 2997 1309 3064 κέλευσιν
1333 3050 1339 3063 .
1364 3049 1370 3063 .
1395 2998 1582 3075 ,ἐλθόντες

270 3095 307 3158 τὸ
331 3093 530 3182 τέταρτον
554 3149 560 3160 .
585 3148 591 3161 .
616 3149 622 3162 .
646 3095 729 3181 φασί
752 3102 820 3162 κτλ.
844 3095 897 3181 27,
912 3095 1000 3160 3500
1010 3096 1049 3162 A.
1072 3096 1112 3161 ef.
1132 3094 1184 3172 δίς
1208 3092 1245 3161 δὲ
1266 3104 1365 3161 τοῦτο
1394 3106 1504 3160 ποιεῖν
1529 3119 1581 3160 κε-

272 3190 428 3269 λευσθεὶς
460 3192 507 3258 δι’
543 3193 705 3279 ὁράματος
729 3195 769 3259 ού
793 3198 980 3277 πεποίηκεν.
1013 3196 1051 3259 τὸ
1087 3191 1201 3279 τρίτον
1232 3190 1269 3257 δέ
1300 3203 1368 3256 τῶν
1399 3187 1578 3278 μαρτύρων

270 3290 432 3355 εἰπόντων
455 3295 522 3356 κτλ.
549 3292 599 3374 18,
613 3289 749 3356 34774.
773 3292 818 3368 ὡς
841 3288 878 3356 δὲ
905 3289 962 3356 καλ
992 3289 1044 3367 δὶς
1071 3288 1126 3355 καλ
1155 3288 1227 3376 τρλς
1256 3298 1356 3354 τοῦτο
1386 3291 1471 3376 δρᾶν
1498 3292 1578 3366 τοὺς
1709 3305 1713 3309 ’

269 3385 386 3470 ἀγίους
400 3389 451 3453 ίδε
470 3389 665 3465 κελεύοντας
683 3390 735 3473 28,
751 3388 838 3454 3505
848 3387 920 3474 Bsc.
939 3389 1164 3476 παραστάντες
1178 3388 1267 3476 αὐτῷ
1282 3387 1441 3464 πολλάκις
1455 3387 1576 3452 καθεύ-

270 3485 365 3550 δοντι
389 3485 441 3569 36,
456 3481 587 3548 35490.
612 3484 805 3553 δεικνύουσι
830 3485 874 3552 δι’
902 3485 1065 3575 ὁράματος
1087 3484 1142 3552 καλ
1166 3484 1326 3571 φανέντες
1345 3537 1352 3550 .
1372 3537 1378 3550 .
1399 3537 1405 3550 .
1425 3484 1577 3551 ἐκέλευον

273 3634 278 3646 .
305 3633 310 3646 .
336 3634 341 3647 .
366 3584 467 3648 πάλιν
490 3582 578 3669 αὐτῷ
602 3584 684 3648 κατὰ
707 3587 785 3660 τοὺς
807 3585 936 3662 ὕπνους
959 3585 1131 3670 ἐφάνησαν
1154 3584 1206 3668 38,
1221 3582 1308 3648 3569
1318 3581 1401 3648 AB.

359 3679 493 3764 Saepius
508 3679 706 3764 aliquamdiu
724 3671 941 3767 neglegrmtm
959 3681 1133 3766 supplices:
1153 3683 1214 3747 οὐκ
1232 3682 1350 3764 ὀλίγου
1368 3677 1406 3745 δὲ
1419 3702 1578 3767 παρεκτα-

166 3832 170 3838 ,
270 3776 390 3853 θέντος
427 3788 585 3864 χρονικοῦ
622 3780 841 3864 διαστήματος
876 3775 982 3864 μηδὲν
1011 3779 1134 3862 ὀνήσας
1165 3778 1340 3863 ήθύμησεν
1373 3777 1424 3860 13,
1443 3777 1532 3842 3464
1540 3778 1578 3842 Β.

270 3875 426 3940 ἐνιαυτοῦ
451 3873 488 3940 δέ
511 3873 585 3952 ένὸς
608 3878 866 3953 διιππεύσαντος
888 3886 946 3959 τῆς
974 3887 1040 3941 τῶν
1069 3875 1174 3959 ἁγίων
1205 3875 1335 3963 ἀρωγῆς
1362 3872 1495 3957 ήξιοῦτο
1522 3874 1578 3940 καὶ

268 3973 401 4058 χάριτος
424 3973 477 4057 37,
491 3972 576 4037 3561
590 3972 623 4039 O.
647 3985 780 4062 πρῶτον
802 3971 863 4060 μὲν
885 3976 950 4060 γάρ
974 3971 1027 4039 ἐπὶ
1050 3982 1155 4058 μῆνας
1173 3971 1334 4059 τέσσαρας
1357 3972 1501 4038 ἐλθόντα
1519 3974 1578 4038 τὸν

269 4068 447 4155 Στέφανον
466 4071 706 4138 ἀνεπίσκεπτον
725 4079 840 4138 εῖασαν
858 4072 911 4156 38,
926 4071 1013 4135 3565
1025 4070 1057 4136 0.
1085 4071 1261 4156 Eugenius,
1276 4072 1332 4153 qui
1345 4093 1403 4155 per
1415 4072 1577 4135 somnium

268 4172 397 4232 curatur
419 4192 438 4233 a
460 4170 665 4254 martyribus,
688 4175 754 4236 tras
777 4170 928 4236 mulieres
950 4170 1038 4234 videt
1061 4168 1101 4234 ab
1126 4190 1236 4233 eorum
1259 4173 1351 4255 tergo
1376 4169 1577 4234 conclaman-

266 4271 331 4331 tes:
354 4269 445 4343 τίνος
468 4265 590 4351 ένεκευ,
614 4269 714 4353 ὕγιοι,
736 4269 830 4354 ἡμεῖς
853 4265 915 4354 μὲν
941 4271 1065 4354 χρόνον
1092 4270 1208 4353 ἔχομεν
1238 4266 1362 4333 ἐνθάδε
1390 4270 1575 4352 καθήμεναι

267 4362 323 4429 καλ
346 4376 417 4440 ταῖς
445 4370 586 4450 πληγαῖς
616 4364 824 4450 ὀδυνωμεναι
855 4363 937 4452 (τῶν
965 4368 1028 4453 γάρ
1059 4365 1163 4431 ἐκεῖσε
1191 4364 1353 4451 κειμένων
1383 4365 1576 4449 ἐτύγχανον,

266 4463 310 4537 ὡς
334 4462 454 4538 ταύτας
478 4461 604 4546 ἐπέγνω
628 4460 695 4546 μετ’
724 4464 806 4550 ὄναρ
834 4463 852 4530 ὁ
881 4462 1066 4551 ἄρρωστος)
1093 4461 1148 4528 καὶ
1178 4465 1375 4549 νοσημάτων
1403 4465 1496 4528 οὕπω
1519 4484 1574 4527 πε-

266 4560 437 4643 παύμεθα·
469 4555 567 4637 οὗτος
597 4557 635 4625 δὲ
665 4566 733 4625 κτλ.
763 4560 816 4648 42,
831 4561 918 4626 3585
929 4562 965 4627 Β.
1000 4563 1091 4646 διετή
1121 4565 1245 4649 χρόνον
1275 4561 1339 4626 ἀνά
1368 4572 1437 4626 τῶν
1464 4562 1575 4625 αὐτῶν

267 4657 370 4738 σηκὸν
393 4659 609 4743 διαιτώμενος
631 4658 685 4743 48,
699 4657 783 4722 3601
795 4659 830 4724 Β.
862 4663 987 4746 χρόνον
1009 4656 1308 4744 ποιήσαςσυχνὺν
1337 4658 1397 4735 ἕως
1424 4653 1466 4723 οὗ
1492 4660 1574 4735 Θεὸς
