3550 5317
278 296 341 359 126
829 296 968 350 Laudatio
1370 303 1581 368 ιο,ει-ιτ,εο

277 459 504 524 ἐπαπολαύσαι
527 459 587 523 τὸν
611 461 713 541 λόγον
735 467 795 524 τοῦ
819 459 1032 543 διηγήματος·
1102 457 1138 524 ἐκ
1155 465 1291 525 πολλῶν
1308 457 1346 524 δὲ
1369 460 1496 544 ὀλίγοις
1513 461 1582 527 ἐπι-

279 557 415 642 δραμὼν
432 557 517 642 πρὸς
539 557 576 621 τὸ
599 554 700 643 πέρας
722 554 777 621 καὶ
801 558 842 640 δῆ
865 566 926 621 τοῦ
949 557 1179 641 συντάγματος
1200 555 1370 642 τρέψομαι.

231 669 267 724 11
368 655 607 739 κατεκρύπτετο
630 650 692 737 μὲν
718 655 782 739 γάρ
810 655 944 741 οἰκίσκῳ
974 679 1043 720 τινι
1069 653 1165 740 μέχρι
1191 660 1318 720 πολλοῦ
1344 658 1425 741 μετὰ
1451 659 1514 741 τῆν
1535 659 1583 734 είς

280 751 364 836 ἡμᾶς
388 752 543 817 εὐκταίαν
567 751 744 836 ἐπιδημίαν
762 751 782 835 ῆ
803 752 875 837 ίερά
894 768 957 817 σου
975 755 1063 836 θῆκη
1082 755 1251 836 πανόλβιε,
1316 756 1500 840 μετριάζειν
1516 756 1581 841 γάρ

278 852 387 935 ὥσπερ
412 849 554 932 ἐβούλου
577 847 632 914 καὶ
656 849 717 915 οὐκ
740 848 959 933 ἐκπομπεύειν
980 851 1063 934 τάχα
1086 851 1126 914 τά
1149 851 1312 934 θαύματα.
1376 850 1445 917 ἀλλ’
1474 852 1580 917 ὁτῶν

277 947 383 1030 ἁγίων
407 949 455 1023 είς
478 943 667 1032 τούμφανές
690 948 781 1029 ἀγων
803 947 843 1012 τά
870 948 1113 1032 κατορθώματα
1193 948 1276 1030 πρὸς
1299 953 1466 1035 σωτηρίαν
1488 949 1582 1036 ἡμῶν

256 1043 333 1110 εκαὶ
356 1044 396 1108 τὰ
420 1044 461 1108 σὰ
485 1052 542 1128 τῆς
565 1043 737 1128 ἀθλήσεως
793 1043 1014 1130 ἐθριάμβευσε
1037 1049 1185 1123 λείψανα.
1248 1045 1266 1112 ὁ
1289 1048 1352 1132 γάρ
1370 1049 1499 1113 τούτων
1521 1049 1583 1131 τῆν

275 1144 429 1228 φυλακῆν
452 1140 489 1206 ἐν
511 1145 680 1228 μυστηρίῳ
706 1142 965 1227 πεπιστευμένος
987 1143 1052 1208 ὑπὸ
1075 1146 1172 1220 θείας
1194 1142 1299 1228 ῥοπῆς
1315 1143 1467 1228 κινηθεὶς
1484 1146 1581 1210 αύτό-

274 1264 376 1324 ματος
405 1233 511 1322 ἦλθεν
544 1239 679 1305 κάκεῖνα
710 1238 822 1323 φέρων
853 1239 966 1304 ἐδίδου
996 1251 1068 1316 ταῖς
1101 1249 1162 1305 τοῦ
1196 1241 1385 1325 πρεσβύτου
1418 1252 1486 1307 τῶν
1516 1234 1581 1306 ὧδε

274 1341 396 1422 χερσίν.
441 1335 511 1421 μετ’
544 1337 641 1422 εὐχῆς
669 1334 705 1402 δὲ
736 1331 834 1412 οὗτος
860 1335 916 1402 καὶ
943 1338 1138 1424 φαλμφδίας
1168 1347 1389 1423 πνευματικῆς
1413 1338 1450 1404 ἐν
1472 1338 1580 1423 ἐπιμε-

275 1439 347 1521 λείᾳ
369 1433 546 1520 δεξάμενος
613 1433 740 1510 εύθέως
763 1436 808 1511 ὡς
830 1429 873 1518 ἦν
896 1435 983 1511 εἰκὸς
1006 1434 1210 1517 ἐγκατέθετο.
1285 1431 1354 1500 είτα
1377 1439 1580 1522 μικροψυχή-

239 1559 265 1598 10
275 1549 344 1616 σας,
368 1523 423 1598 οἷα
445 1538 539 1617 φιλεί
565 1535 763 1616 συμβαίνειν
789 1543 859 1609 τοῖς
889 1529 1100 1618 ἀρχομένοις,
1125 1531 1181 1598 καὶ
1208 1533 1292 1618 πρὸς
1318 1532 1498 1619 ὀλιγωρίαν
1524 1532 1580 1599 καὶ

276 1631 378 1695 ὄκνον
402 1629 552 1706 ἐκκλίνας
574 1628 686 1713 βλέπει
709 1627 779 1694 κατ’
809 1633 891 1714 ὄναρ
915 1631 975 1694 τὸν
997 1632 1096 1714 ἀγιον
1120 1629 1271 1714 λε’γοντα·
1335 1627 1481 1708 ὦοῦτος
1501 1657 1579 1714 καρ-

274 1726 424 1812 τέρησον,
492 1728 533 1792 ού
556 1728 600 1811 μῆ
623 1729 686 1813 γάρ
710 1727 796 1811 ὑμᾶς
815 1727 1034 1812 ἐπιλείφομαι.
1086 1729 1207 1818 [τούτῳ
1230 1727 1284 1804 δὶς
1307 1728 1441 1805 ἐπιστάς
1463 1728 1580 1794 λαθὼν

275 1850 301 1889 ω
324 1849 386 1890 ετο.

229 1851 322 1982 1211
362 1825 417 1978 κάδ
440 1911 516 1998 μεθ’
543 1911 666 1999 ἡμέρας
689 1915 782 1991 τινάς
805 1919 943 1997 λεγεῶνι
965 1916 1136 2000 δαιμόνων
1157 1939 1208 1992 τις
1231 1914 1462 2000 ἐλαυνόμενος,
1526 1914 1578 2000 γέ-

272 2036 331 2088 νος
354 2008 415 2096 μὲν
433 2011 567 2095 Ἰταλός,
593 2017 766 2098 Φλωρῖνος
790 2010 827 2077 δέ
850 2013 1007 2097 τοόνομα,
1084 2016 1197 2097 ἔμελλε
1218 2011 1295 2096 περὶ
1316 2014 1354 2079 τὸ
1379 2018 1579 2101 Βλαχερνῶν

272 2113 396 2194 τειχίον
420 2110 555 2174 ἀνωθεν
578 2107 631 2174 ἐπὶ
654 2111 716 2195 τῆν
738 2119 801 2194 γῆν
824 2109 1064 2189 ἀκοντίζεσθαι.
1145 2109 1360 2195 κατασχεθεὶς
1382 2109 1420 2176 δέ
1441 2112 1508 2178 ύπό
1530 2136 1578 2177 τι-

271 2231 342 2272 νων
366 2206 401 2271 ἐκ
424 2215 483 2270 τοῦ
506 2207 651 2292 ταράχου
674 2208 712 2271 τὸ
735 2207 846 2283 πάθος
867 2205 1189 2293 προαισθανομένων
1213 2206 1268 2273 καὶ
1292 2207 1358 2272 ὑπὸ
1383 2215 1576 2294 παραφυλα-

249 2305 333 2387 εκην
356 2304 512 2387 γεγονώς,
535 2305 579 2381 ῶς
602 2305 700 2390 ὡρῶν
722 2316 824 2389 τριῶν
846 2310 999 2390 παρῆλθε
1021 2306 1192 2391 διάστημα,
1266 2303 1348 2392 ᾤετο
1377 2308 1578 2392 καθαρεύειν

271 2411 332 2466 τοῦ
361 2403 529 2486 δαίμονος,
597 2411 657 2465 τοῦ
688 2403 821 2478 πάθους
852 2403 1145 2486 ύπολωφησαντος.
1227 2400 1282 2468 καὶ
1314 2403 1356 2486 δὴ
1392 2415 1578 2489 σωφρονῶν

271 2509 450 2584 προσεῖπεν
472 2496 534 2576 όψέ
555 2511 625 2576 τοῖς
648 2499 869 2583 φυλάσσουσι,
946 2499 1000 2565 καὶ
1025 2498 1142 2575 λυθεὶς
1164 2509 1225 2565 τοῦ
1248 2501 1373 2585 δεσμοῦ
1398 2504 1577 2584 κατεκλίθη

270 2597 383 2681 πράως
411 2595 466 2662 καὶ
494 2597 730 2661 κατεπαύσατο.
812 2595 886 2681 περὶ
917 2594 955 2661 δέ
988 2595 1090 2682 μέσας
1123 2599 1246 2674 νύκτας
1280 2599 1357 2675 ὄψις
1386 2599 1476 2685 αύτῷ
1506 2599 1578 2663 δια-

271 2695 439 2760 δείκνυται
499 2695 609 2758 τοιάδε
632 2692 851 2776 ἀγγέλλουσα·
910 2695 995 2779 πρὸς
1016 2695 1076 2760 τὸν
1103 2695 1278 2780 εύκτῆριον
1301 2691 1395 2761 οἷκον
1418 2705 1476 2778 τῆς
1497 2701 1578 2761 Θεο-

236 2795 413 2876 ιομήτορος
435 2792 515 2874 ίεσο,
606 2791 697 2866 ὄστις
726 2798 784 2874 τῆς
808 2788 940 2866 Ἐλαίας
969 2793 1262 2876 προσονομάζεται·
1358 2793 1479 2858 αύτόθι
1502 2795 1577 2878 γάρ,

271 2893 384 2973 φησίν,
410 2891 533 2974 ίαθῆση
556 2897 616 2953 τοῦ
639 2886 820 2972 πτώματος.
883 2890 929 2965 ὡς
952 2886 990 2954 δὲ
1010 2888 1116 2974 ἡμέρα
1141 2888 1270 2973 ἐγένετο
1333 2889 1389 2955 καὶ
1411 2891 1473 2974 τῆν
1491 2897 1577 2955 θεω-

270 2989 348 3070 ρίαν
371 2988 475 3050 εἰπεῑν
506 2985 740 3070 ἀπετόλμησεν,
819 2985 885 3051 ὑπὸ
915 2997 983 3051 τῶν
1012 2986 1228 3052 ἀκουσάντων
1256 2988 1356 3070 ἤχθη,
1386 2986 1442 3051 καὶ
1471 2990 1577 3071 μόνον

271 3083 368 3166 ἐπέβη
397 3091 454 3166 τῆς
480 3093 541 3148 τοῦ
568 3084 633 3148 νεὼ
660 3085 834 3168 κρηπῖδος,
860 3083 1121 3168 ἀνεστρεβλοῦτο
1147 3085 1185 3148 τὸ
1217 3095 1310 3168 σῶμα
1339 3087 1490 3150 καθόλου
1521 3082 1576 3148 καὶ

268 3183 390 3245 κλόνον
413 3179 575 3264 ὑφίστατο
599 3183 723 3264 βίαιον·
783 3176 851 3246 εἶτα
875 3182 995 3246 λοιπὸν
1017 3179 1150 3266 ἀσῆμως
1174 3180 1328 3266 ἐκώκυεν,
1390 3180 1577 3247 καὶπολλὰ

234 3289 339 3353 ιοτοίς
367 3280 518 3362 κατόχοις
541 3277 743 3361 ἐνοχληθείς,
766 3277 858 3355 τέλος
888 3280 935 3354 εἰς
964 3279 1134 3362 τοῦδαφος
1218 3281 1411 3343 καταπίπτει
1439 3282 1576 3365 πρηνής,

269 3377 403 3459 ἀφωυος
417 3373 473 3439 ἐπί
484 3399 576 3451 τινας
585 3373 707 3461 ἡμέρας
721 3379 907 3460 γενόμενος.
944 3377 1011 3460 ἅμα
1025 3373 1063 3440 δέ
1075 3385 1123 3464 τῷ
1138 3387 1334 3442 καταπεσεῖν
1348 3376 1452 3441 αὐτόν
1465 3377 1575 3460 ὥσπερ

268 3467 308 3549 ὗς
330 3478 439 3558 πληγῆ
461 3497 528 3537 τινι
550 3483 590 3559 τῆ
613 3470 754 3549 ἐξετάσει
777 3483 837 3539 τοῦ
860 3473 1027 3559 μάρτυρος
1116 3475 1156 3538 τά
1178 3475 1281 3557 μιαρά
1315 3473 1424 3539 ἐκεῖνα
1452 3472 1575 3558 ἐφυγα-

269 3571 376 3654 δεύθη
399 3572 566 3655 δαιμόνια,
641 3581 770 3636 καπνοῦ
790 3574 978 3656 φαντασίαν
999 3580 1039 3656 τῆ
1064 3569 1168 3658 ἐξόδφ
1191 3572 1274 3636 κατὰ
1296 3573 1356 3636 τὸν
1380 3570 1460 3656 ἀέρα
1482 3572 1576 3653 ποιῆ-

269 3685 381 3733 σαντα.
440 3667 495 3733 καὶ
519 3668 625 3744 οὕτως
647 3667 774 3734 ιε’λειον
797 3668 1010 3753 ἐθεραπεύθη
1032 3677 1093 3733 τοῦ
1114 3670 1247 3746 πάθους
1266 3666 1284 3732 ὁ
1306 3670 1475 3752 δαιμονῶν
1495 3670 1576 3743 δούς

236 3764 373 3844 τοδόξαν
395 3774 441 3854 τῷ
464 3767 521 3831 διά
543 3776 603 3831 τοῦ
626 3765 725 3848 ἁγίου
747 3767 808 3850 τῆν
833 3773 923 3830 ίασιν
941 3765 1164 3850 ἐνεργῆσαντι.
1221 3770 1336 3850 μείνας
1359 3763 1397 3831 δέ
1421 3769 1575 3840 πλείστας

357 3963 391 4011 22
410 3955 693 4029 καλ-τρέψομαιΑ
721 3957 846 4028 ἔλθωμεν
868 3967 924 4013 τῶν
946 3957 1103 4028 θάυμάτων
1121 3950 1160 4011 ΜΙ
1173 3961 1182 4028 ΙΙ
1206 3964 1279 4028 11,·2
1303 3957 1382 4028 τιμία
1399 3959 1448 4014 καὶ
1473 3956 1575 4027 posti]

269 4039 333 4092 add.
352 4038 382 4091 M
398 4041 402 4107 Ι
419 4045 434 4091 3
453 4038 574 4110 ῆβούλου
592 4038 622 4092 Μ
638 4042 642 4108 Ι
659 4044 674 4092 5
693 4037 771 4109 τίμια
789 4041 855 4109 post
872 4038 908 4093 σά
927 4039 991 4092 add.
1002 4038 1032 4091 Μ
1047 4040 1051 4110 Ι
1067 4039 1119 4108 τὴν
1137 4047 1243 4094 τούτων
1256 4039 1286 4091 Μ
1301 4041 1306 4109 Ι
1323 4045 1338 4092 6
1355 4037 1519 4107 άυτομάτως
1530 4036 1572 4108 ΜΙ

269 4125 301 4172 11
327 4116 454 4181 ἐκκλίνας
477 4135 529 4174 om.
551 4120 576 4173 A
611 4117 721 4182 εκλίνας
743 4120 773 4172 Μ
795 4121 799 4190 Ι
825 4120 894 4174 ίδὼν
920 4118 989 4189 ὄναρ
1015 4118 1109 4191 βλέπει
1131 4119 1157 4171 A
1181 4120 1186 4189 Ι
1217 4116 1383 4188 θεράποντα
1405 4121 1470 4188 post
1492 4117 1575 4185 ἀγιον

268 4199 332 4253 add.
352 4199 381 4252 M
405 4201 409 4270 Ι
436 4199 510 4252 ἀυτῶ
528 4201 593 4268 post
611 4195 726 4270 λέγοντα
746 4199 809 4252 add.
825 4200 855 4252 M
880 4202 884 4268 Ι
909 4199 1009 4268 μικρὸν
1030 4201 1096 4269 post
1118 4195 1199 4261 οὗτος
1221 4199 1286 4253 add.
1306 4199 1336 4251 M
1360 4201 1365 4270 Ι
1391 4205 1424 4252 12
1442 4197 1530 4251 τούτω
1549 4197 1575 4249 A

268 4287 349 4333 τοῦτο
368 4279 398 4331 Μ
414 4281 418 4348 Ι
434 4277 518 4349 ὤχετο
538 4279 636 4334 λαθών
654 4279 684 4331 Μ
702 4282 711 4349 ΙΙ
731 4285 772 4347 12,
788 4285 804 4332 2
823 4277 957 4350 υπάρχων
974 4281 1040 4348 post
1056 4278 1108 4348 μὲν
1127 4279 1191 4333 εδδ.
1210 4279 1240 4332 Μ
1256 4281 1260 4350 Ι
1276 4278 1308 4333 δὲ
1326 4295 1379 4334 om.
1399 4278 1424 4331 A
1444 4281 1448 4347 Ι
1468 4277 1500 4332 τὸ
1518 4287 1574 4332 τῶν

270 4361 446 4430 βλαγχερνῶν
456 4358 486 4411 Μ
501 4364 505 4427 Ι
523 4358 600 4428 3τῆν
610 4375 662 4412 om.
673 4359 702 4412 M
718 4361 722 4430 Ι
738 4357 1040 4428 4προαιοθομένωνΜ
1056 4361 1060 4428 Ι
1076 4359 1217 4429 ὅγεγουδς
1234 4359 1289 4414 ὑπὸ
1307 4377 1373 4427 παρ.
1384 4358 1414 4410 Μ
1429 4361 1433 4428 Ι
1450 4356 1574 4429 δρῶνΔΙ

268 4449 352 4508 τριῶν
371 4456 423 4493 om.
443 4440 488 4509 ΑΙ
510 4443 526 4492 8
546 4439 723 4494 ανέπαύσατο
742 4438 772 4491 Μ
793 4443 797 4509 Ι
818 4446 833 4493 9
853 4437 1051 4508 διάγγέλλουσα
1070 4439 1100 4491 Μ
1120 4441 1124 4510 Ι
1146 4444 1179 4492 10
1198 4439 1256 4493 ίεσο
1274 4439 1305 4492 Μ
1324 4437 1386 4492 εἴτω
1405 4438 1430 4491 Α
1450 4441 1455 4508 Ι
1475 4437 1574 4492 ἐπονο-

268 4520 382 4589 μάζεται
400 4513 430 4572 Μ
455 4523 459 4589 Ι
486 4524 517 4573 11
537 4517 649 4587 κάθήση
669 4518 699 4570 Μ
722 4521 726 4587 Ι
749 4525 781 4572 13
801 4518 927 4574 καθόλον
949 4520 981 4574 τὸ
1001 4528 1077 4589 σῶμα
1095 4519 1125 4571 Μ
1147 4522 1151 4588 Ι
1173 4523 1205 4573 16
1228 4515 1333 4587 ἡμέρας
1354 4538 1434 4580 τινας
1451 4518 1481 4570 Μ
1507 4515 1573 4586 ὴμέ-

268 4600 361 4668 ραςΑ
382 4603 386 4669 Ι
406 4599 437 4653 τὸ
456 4599 516 4652 AM
537 4603 541 4669 Ι
567 4604 600 4652 17
619 4596 738 4664 ἐξετάσει
756 4601 821 4668 post
839 4597 978 4668 μάρτυρος
995 4601 1025 4653 Μ
1050 4603 1054 4669 Ι
1080 4598 1239 4669 ἐφυγαδεόη
1258 4597 1287 4650 Μ
1313 4602 1317 4668 Ι
1338 4604 1371 4652 19
1391 4598 1572 4669 ἐθεραπεύθη

267 4678 360 4737 τέλεον
377 4681 407 4733 Μ
423 4683 427 4754 Ι
444 4685 478 4734 20
497 4679 692 4752 εργήσαντιΜ

1771 1107 1773 1201 Ι
